1836 3107
345 223 375 247 11

344 350 507 400 linquae,
539 348 706 400 inprimis
734 354 854 387 autem
882 348 919 385 in
947 346 1244 399 Xenophontem,
1275 348 1580 402 Aristophanem,

342 431 485 470 Livium
512 438 546 471 et
569 429 806 478 Martialem,
837 432 899 483 qui
925 445 983 470 me
1010 443 1154 483 semper
1169 443 1268 482 prae
1290 433 1419 471 ceteris
1446 434 1582 472 allexe-

340 522 427 555 rant
467 515 603 567 sibique
638 515 889 554 devinxerant.
952 514 1036 555 Hos
1075 515 1187 567 iyitur
1227 515 1360 554 iterum
1385 497 1583 567 perleqere

341 598 457 649 coepi,
488 598 590 637 initio
611 598 721 649 facto
744 599 790 636 ab
817 598 985 638 Anabasi
1007 597 1279 651 Xenophontis,
1308 600 1348 638 in
1372 577 1484 651 quam
1515 612 1582 637 an-

340 681 566 721 notationum
591 681 724 720 sensim
744 681 1001 734 paulatimque
1028 694 1129 734 se9es
1151 682 1327 722 succrevit
1350 672 1442 721 adeo
1465 681 1580 727 laeta,

338 770 378 801 ut
405 776 480 814 per
515 777 553 803 se
584 764 772 816 specimini
803 764 1023 805 Academico
1054 767 1224 805 idoneam
1249 766 1441 805 materiem
1461 777 1582 817 prae-

339 848 425 887 bere
446 848 670 888 viderentur.
731 848 839 896 Quod
862 855 1061 902 postquam
1089 850 1349 889 communicavi
1374 863 1455 888 cum
1481 848 1582 888 Pro-

339 938 497 978 motore‚
536 932 600 984 qui
634 938 814 970 mutatum
838 932 1028 971 consilium
1055 931 1297 984 approbavit,
1328 932 1418 973 haec
1445 931 1583 973 disser-

339 1016 429 1053 tatio
463 1014 572 1053 scribi
603 1021 732 1065 coepta
764 1021 816 1053 est
844 1022 879 1053 et
907 1029 1001 1053 nunc
1029 1016 1068 1053 in
1096 1016 1211 1055 lucem
1226 1017 1382 1067 prodit3
1413 1031 1524 1068 quam
1544 1024 1584 1054 ut

330 1104 422 1149 pote
443 1098 599 1137 iuvenile
616 1110 725 1149 (spus,
744 1104 785 1135 ut
806 1097 996 1136 moderate
1010 1103 1045 1136 et
1059 1097 1190 1136 leniter
1207 1097 1365 1136 iudicent
1383 1096 1466 1153 VV.
1483 1097 1580 1137 DD.

338 1181 443 1219 enixe
469 1187 620 1232 roqatos
646 1180 764 1219 velim.

391 1263 479 1304 Hac
507 1271 629 1304 autem
651 1265 942 1316 opportunitate,
973 1278 1047 1316 qua
1079 1263 1321 1304 Academiam
1347 1264 1584 1316 relinquimus

338 1356 411 1398 „ut
436 1349 559 1387 studia
584 1355 712 1387 nostra
743 1350 795 1386 ad
824 1360 1049 1387 communem
1069 1348 1166 1386 vitae
1192 1360 1297 1386 usum
1322 1346 1580 1398 conferamus''

343 1435 395 1474 Te
418 1434 633 1485 praeterire
667 1435 731 1486 qui
755 1446 917 1484 possim,
953 1431 1007 1472 Cl.
1037 1431 1185 1479 Coum,
1215 1432 1418 1472 Promotor
1446 1432 1585 1472 Aestu-

338 1517 547 1557 matissime.
604 1515 723 1557 Lubet
757 1517 949 1556 recordari
976 1522 1118 1568 tempus
1147 1530 1219 1568 quo
1244 1516 1412 1568 primum
1448 1517 1500 1555 Te
1527 1530 1585 1555 co-

339 1602 448 1652 qnovi
483 1614 530 1640 ex
571 1601 631 1639 avi
670 1601 743 1639 mei
783 1600 963 1638 carissimi
1003 1599 1248 1646 sermonibus,
1287 1600 1350 1651 qui
1395 1601 1446 1639 Te
1486 1600 1587 1638 nobis

341 1684 532 1736 exemplar
559 1696 773 1736 proponere
807 1683 961 1731 solebat,
1005 1684 1058 1723 Te
1078 1696 1186 1736 quem
1213 1683 1310 1722 inter
1339 1689 1476 1722 ceteros
1505 1696 1587 1721 suos

340 1768 553 1820 discipulos,
584 1781 739 1819 quorum
761 1781 934 1806 numerus
956 1768 1058 1806 haud
1078 1781 1167 1807 sane
1181 1768 1333 1819 exiquus
1348 1763 1502 1819 fuerat,
1533 1768 1586 1805 ita

340 1850 524 1890 dilexerat
559 1856 737 1901 quantum
769 1856 880 1888 antea
915 1849 1107 1889 neminem.
1164 1848 1281 1889 Lubet
1312 1849 1503 1890 recordari
1528 1862 1586 1887 me

334 1946 410 1984 per
448 1932 606 1984 quinque
646 1939 681 1970 et
720 1932 820 1984 quod
853 1931 1015 1971 excurrit
1050 1945 1166 1971 annos
1199 1932 1251 1970 Te
1284 1937 1475 1983 expertum
1511 1944 1586 1971 esse

341 2022 529 2055 strenuum
568 2013 771 2054 studiorum
810 2015 1080 2053 moderatorem
1087 2030 1103 2061 ,·
1152 2016 1208 2053 Tu
1248 2011 1456 2054 lectionibus
1500 2015 1586 2053 Tuis

342 2099 559 2147 utilissimis,
588 2112 684 2151 quae
692 2099 919 2151 praedicare
939 2097 1068 2153 quanti
1082 2099 1286 2151 faciendae
1307 2100 1398 2147 sint,
1422 2100 1585 2139 iuvenem

342 2197 416 2223 non
442 2184 544 2222 decet
570 2182 782 2222 monstrasti
802 2182 894 2221 mihi
914 2182 1059 2234 reqiam
1079 2182 1184 2221 illam
1206 2182 1324 2230 viam,
1354 2196 1465 2234 quam
1486 2183 1586 2235 sequi

342 2266 473 2305 debeat
494 2266 541 2312 is,
570 2266 634 2317 qui
659 2265 700 2303 in
725 2249 853 2303 nostra
878 2264 1072 2316 disciplina
1091 2265 1282 2318 proficere
1309 2264 1404 2303 velit.
1465 2263 1585 2311 Quum

342 2349 553 2402 saepissime
592 2348 645 2388 Te
681 2347 824 2388 adirem
854 2360 998 2400 semper
1021 2353 1183 2401 paratus
1219 2360 1304 2387 eras
1338 2361 1397 2388 me
1431 2346 1585 2386 incitare

343 2432 534 2484 exemplis,
583 2431 759 2471 adiuvare
797 2431 973 2478 consiliis,
1017 2433 1069 2470 ad
1105 2438 1244 2471 rectam
1279 2433 1377 2470 iriam
1411 2432 1586 2470 reducere

343 2516 498 2557 monitis.
557 2514 678 2567 Atque
706 2516 798 2556 adeo
824 2515 943 2567 ipsum
972 2515 1038 2555 hoc
1065 2516 1272 2567 (musculum
1298 2520 1473 2567 quantum
1505 2514 1585 2552 Tibi
