1836 3085
903 226 955 265 48.

394 364 482 393 men
516 350 644 390 Astius
680 349 884 389 rectissime
916 348 1034 387 eiecit.
1088 346 1308 401 Legendum
1340 355 1396 389 est
1425 350 1545 404 igitur

391 410 516 467 δόξαν
533 418 571 458 δὲ
600 419 703 457 τοῦτ’
731 415 910 466 ἐκήρυξαν
940 415 1019 454 κτὲ.
1063 414 1206 455 Eodem
1228 414 1343 456 modo
1369 418 1544 472 corriga—

391 492 458 525 tur
483 484 631 524 Hellen.
655 486 686 524 1.
719 486 759 532 1,
789 483 852 523 36.
892 482 1067 529 δόξαντος
1109 482 1147 522 δὲ
1179 483 1312 522 τούτου
1343 485 1544 532 πληρωθειι

389 539 461 591 σῶν
491 555 577 591 νεῶν
613 551 692 590 mg.
729 550 804 603 leg.
842 547 954 596 δόξαν
989 550 1028 589 δὲ
1057 553 1186 595 τοῦτα
1226 548 1315 589 ibid.
1344 550 1375 589 1.
1407 550 1448 597 7,
1479 550 1544 591 30.

391 619 455 659 καὶ
487 618 669 666 δοξάντων
695 618 834 657 τούτων
866 624 1099 658 καταλιπεῖν
1133 622 1232 668 τρεῖς
1264 619 1354 661 ναῦς
1386 615 1545 656 ἕκαστον

392 687 472 726 κτὲ.
503 686 579 739 leg.
604 685 668 724 καὶ
698 684 810 732 δόξαν
840 689 975 730 τοῦτος
1005 685 1095 725 ibid.
1120 687 1166 727 V.
1192 687 1237 734 2,
1264 686 1328 725 24.
1364 683 1547 732 δοξάντων

391 755 430 794 δὲ
456 753 519 793 καὶ
550 752 689 792 τούτων
720 752 979 801 ἐκπέμπουσιν
1003 754 1034 792 οἱ
1062 752 1350 801 Λακεδαιμόνιοι
1382 752 1457 806 leg.
1489 751 1547 791 δό-

391 821 462 868 ξαν
489 821 527 861 δὲ
556 821 620 860 καὶ
656 823 787 867 ’κῦτος
817 821 858 860 in
882 821 977 861 Plat.
1009 821 1220 874 Protagora
1247 835 1285 874 p.
1307 821 1389 861 314
1410 821 1450 860 C.
1475 819 1548 859 Δό-

390 888 461 936 ξαν
490 891 581 937 ἡμῖν
604 888 750 940 ταῦτα,
785 888 1034 937 ἐπορευόμεθα
1063 888 1138 941 leg.
1168 888 1279 936 δόξαν
1307 891 1396 936 ἡμῖν
1424 891 1547 928 τοῦτο.

392 956 448 997 Cf.
472 970 589 1009 porro
610 956 788 996 Budaeus
815 957 1025 997 Comment.
1051 956 1119 996 Gr.
1144 957 1185 995 L.
1210 970 1248 1008 p.
1278 957 1328 995 18
1357 961 1395 995 et
1417 956 1508 996 219.

311 1026 332 1075 ᾗ
361 1025 426 1064 20.
1262 1045 1263 1048 =

311 1090 574 1141 Ἀποκρίνεται
605 1091 695 1141 πρὸς
722 1091 831 1130 ταῦθ’
856 1090 873 1129 ὂ
900 1090 1134 1141 Χειρίσοφος·
1174 1090 1342 1139 Βλέψον,
1373 1089 1468 1140 ἔφη,
1498 1090 1550 1133 εἷς

312 1159 365 1199 τα
393 1158 454 1208 ὄρη
483 1158 547 1197 καὶ
577 1158 630 1197 ἰδὲ
657 1159 703 1202 ὥς
732 1157 872 1206 ἄβατα
899 1157 1014 1198 πάντ’
1041 1158 1156 1198 ἐστίν.

394 1225 547 1277 Duplici
583 1224 630 1264 de
666 1238 781 1263 causa
813 1225 931 1263 verba
966 1226 1029 1263 καὶ
1064 1225 1116 1264 ἰδέ
1153 1225 1408 1278 expungenda
1443 1230 1550 1264 sunt:

395 1288 566 1346 primum
594 1291 698 1345 quod
725 1298 814 1332 sunt
840 1291 983 1332 insulsa
1010 1298 1049 1332 et
1076 1293 1214 1333 otiosa:
1244 1298 1329 1333 tum
1351 1289 1454 1346 quod
1476 1291 1553 1331 for-

395 1373 461 1399 ma
487 1360 540 1399 ἰδέ
570 1361 799 1412 scriptorum
826 1366 883 1399 est
908 1366 993 1412 post
1013 1361 1343 1400 Aristotelicorum
1365 1367 1403 1399 et
1424 1349 1468 1400 in*
1487 1361 1554 1398 At-

397 1425 474 1466 tico
501 1425 685 1480 scriptore
709 1440 789 1466 non
817 1425 993 1466 ferenda:
1023 1425 1063 1466 hi
1090 1440 1240 1481 semper
1266 1427 1355 1467 ἰδοῦ.
1402 1450 1404 1453 -

316 1496 337 1544 §
367 1494 432 1533 23.

317 1563 364 1600 ‘O
401 1561 470 1610 μὲν
503 1557 563 1601 οὖν
598 1559 719 1610 ἕτερος
758 1562 823 1600 οὐκ
860 1560 957 1612 ἔφη,
997 1561 1061 1600 καὶ
1096 1560 1211 1609 μάλα
1246 1565 1396 1602 πολλῶν
1424 1561 1556 1612 φόβων

318 1628 625 1677 προσαγομένων·
664 1629 792 1673 ἐπειδὴ
826 1630 857 1668 δ’
881 1629 982 1668 οὐδὲν
1014 1628 1205 1678 ὠφέλιμον
1243 1627 1367 1673 εἶπεν,
1408 1629 1556 1677 δρῶντος

316 1698 383 1736 τοῦ
413 1695 535 1744 ἐτέρου
563 1694 815 1745 κατεσφάγη.

399 1761 652 1801 Scribendum
680 1762 830 1810 ὁρῶντος
858 1765 923 1801 τοῦ
954 1761 1077 1810 ἐτέρου
1108 1760 1341 1810 ἀπεσφάγη.
1385 1760 1442 1801 Cf.
1468 1761 1558 1801 Hel-

401 1828 478 1869 len.
502 1829 588 1870 VH.
614 1831 656 1878 4,
676 1829 739 1869 26.
770 1828 833 1867 καὶ
864 1825 938 1867 ὅσοι
964 1829 1033 1876 μὲν
1058 1827 1152 1876 ξένοι
1182 1824 1276 1873 ἦσαν
1301 1829 1443 1875 αὐτῶν,
1462 1828 1558 1868 άπέ-

402 1898 521 1948 δοντο,
550 1894 624 1936 ὅσοι
644 1897 682 1936 δὲ
703 1895 898 1947 φυγάδες,
926 1897 1179 1947 άπέσφαττον
1199 1897 1302 1941 κτὲ.,
1333 1911 1410 1949 quo
1431 1902 1559 1936 tamen

403 1964 510 2012 loco,
539 1969 585 2003 ut
604 1963 679 2004 hoc
706 1963 827 2004 obiter
853 1977 1047 2013 moneam,
1076 1964 1285 2018 legendum
1306 1964 1556 2014 ἀπέσφαξαν.

320 2035 340 2085 5
370 2034 434 2073 24.

321 2103 368 2140 Ὁ
395 2101 433 2140 δὲ
464 2100 593 2145 λοιπὸς
625 2098 753 2148 ἔλεξεν
780 2099 836 2140 ὅτι
867 2098 971 2145 οὗτος
1002 2101 1071 2149 μὲν
1100 2101 1162 2141 διὰ
1183 2102 1288 2141 τοῦτ’
1317 2102 1357 2140 οὐ
1383 2099 1481 2151 φαίη
1510 2101 1559 2140 εἱ-

321 2169 423 2209 δέναι
455 2167 511 2208 ὅτι
550 2169 653 2217 αὐτῷ
683 2168 873 2218 τυγχάνει
911 2169 1079 2218 θυγάτηρ
1108 2170 1189 2209 ἐκεῖ
1213 2170 1303 2217 παρ’
1329 2168 1430 2217 άνδρὶ
1459 2169 1560 2208 ἐκδε-

322 2236 472 2284 δομένη·
501 2236 616 2280 αὐτὸς
646 2236 677 2275 δ’
707 2235 783 2287 ἔφη
815 2237 1023 2285 ἡγήσεσθαι
1055 2237 1216 2282 δυνατὴν
1251 2236 1315 2276 καὶ
1349 2236 1560 2287 ὑποζυγίοις

323 2303 543 2353 πορεύεσθαι
572 2303 664 2342 ὀδόν.

403 2369 657 2411 Scribendum
679 2378 735 2411 est
756 2372 964 2422 τυγχάνοις
994 2386 1111 2426 porro
1130 2372 1277 2412 Graece
1299 2371 1439 2412 dicitur
1466 2369 1562 2409 ἐκδί-

403 2440 530 2478 δοσθαι
570 2454 640 2478 τινι
684 2441 793 2481 cuius
833 2442 1124 2482 constructionis
1160 2447 1217 2481 tot
1243 2439 1418 2491 exempla
1436 2451 1438 2453 ’
1453 2438 1563 2476 inve-

406 2507 567 2546 niuntur
594 2514 639 2548 ut
666 2508 804 2550 addere
831 2509 1008 2563 putidum
1028 2510 1094 2558 sit;
1125 2506 1425 2563 expungendum
1447 2504 1564 2558 igitur

410 2580 466 2613 est
493 2577 595 2624 παρ’.
839 2590 854 2611 ,³
