1836 3085
895 173 946 212 22

306 269 408 339 λεύει
440 299 516 351 leg.
545 297 705 338 κελεύοι.
762 295 962 349 optativus
992 294 1108 336 etiam
1139 296 1296 347 ponitur
1314 297 1355 358 'ai
1379 296 1540 337 verbum

305 366 451 415 λέγειν,
476 363 601 416 φάναι
626 364 689 405 vel
710 363 831 405 simile
851 361 944 416 quid
969 361 1208 403 subauditur.
1246 361 1303 404 Cf.
1325 362 1450 406 Anah.
1472 365 1539 407 1v.

306 435 353 482 3,
383 434 434 474 29
461 434 503 474 in
529 432 618 473 fine.

809 550 877 591 CA
886 551 927 591 P.
966 552 1035 592 111.

305 637 325 687 §
356 635 419 675 13.

305 703 403 742 πολὺ
442 702 479 740 δὲ
515 701 667 747 μᾶλλον
708 699 726 738 ὃ
762 698 961 749 Κλέαρχος
1007 698 1186 741 ἔσπευδεν
1223 701 1441 742 ὑποπτεύων
1484 701 1540 749 μὴ

302 769 362 807 αεὶ
400 767 492 807 οὕτω
526 766 682 816 πλήρεις
713 764 808 807 εἶναι
836 766 909 811 τὰς
935 765 1104 817 τάφρους
1137 766 1287 813 ὕδατος*
1326 770 1367 809 οὗ
1395 768 1472 818 γὰρ
1498 764 1541 813 ἦν

302 833 376 883 ὥρα
402 833 463 873 οἵα
489 834 532 873 τὸ
561 832 687 873 πεδίον
714 832 852 882 ἄρδειν.

382 900 550 941 Goniecit
582 900 653 941 Vir
680 899 837 952 quidam
864 899 997 939 doetus
1022 900 1064 939 in
1090 900 1268 953 margine
1293 899 1383 941 edit.
1409 900 1541 954 steph.

382 969 422 1007 οὐ
449 967 526 1016 γὰρ
559 963 601 1012 ἦν
633 966 752 1015 ὡραία
778 967 859 1007 κτὲ.
895 981 994 1019 quae
1022 967 1241 1007 coniectura
1276 968 1432 1008 omnino
1462 980 1544 1010 non

379 1033 597 1086 recipienda
630 1038 700 1073 est.
760 1033 876 1086 Apud
906 1034 1052 1074 Atticos
1083 1034 1186 1074 enim
1219 1036 1241 1086 ᾗ
1269 1035 1390 1084 ὡραία
1415 1041 1473 1076 est
1496 1049 1545 1077 ea
1570 1080 1573 1083 ,

379 1115 470 1154 pars
505 1102 598 1140 anni
634 1114 712 1153 qua
747 1101 913 1140 militare
948 1107 987 1141 et
1018 1101 1202 1155 navigare
1234 1108 1424 1154 poterant.
1480 1103 1544 1144 Sic

381 1169 526 1222 legitur
552 1168 656 1221 apud
677 1169 870 1209 Demosth.
895 1182 928 1208 c.
957 1169 1113 1220 Dionys.
1137 1183 1176 1221 p.
1202 1170 1321 1210 1292.
1351 1184 1543 1219 παραχει-
1605 1171 1609 1174 ⁴

381 1236 517 1287 μάζειν
540 1234 612 1276 ἔδει
630 1235 694 1275 καὶ
718 1235 927 1285 περιμένειν
951 1236 1019 1281 τὴν
1040 1235 1178 1284 ὡραίαν
1197 1236 1278 1276 κτὲ.
1322 1236 1545 1290 Saepissime

380 1309 512 1344 autem
546 1303 642 1343 haec
673 1302 861 1343 vocabula
888 1302 1048 1343 confusa
1074 1308 1183 1350 sunt;
1213 1317 1247 1343 e.
1272 1317 1306 1344 c.
1330 1304 1370 1343 in
1392 1303 1543 1345 Hellen.

380 1372 449 1419 VI,
478 1372 520 1420 2,
548 1371 613 1412 13.
643 1371 692 1410 Οἱ
721 1370 754 1410 δ’
776 1370 964 1416 Ἀθηναῖοι
997 1369 1207 1420 νομίζοντες
1235 1370 1349 1410 αὐτὸν
1377 1371 1544 1412 ἀναλοῦν

382 1439 446 1479 τὸν
468 1443 537 1484 τῆς
557 1437 652 1488 ὥρας
672 1438 727 1482 εἷς
751 1437 815 1477 τὸν
835 1437 1038 1487 περίπλουν
1056 1436 1188 1487 χρόνον
1214 1437 1291 1492 leg.
1304 1430 1441 1487 ὥραίας
1460 1439 1542 1478 κτὲ.

299 1509 320 1558 §
351 1508 415 1548 20.

300 1574 365 1614 καὶ
391 1574 474 1624 περὶ
500 1574 571 1623 μὲν
598 1573 738 1614 τούτων
763 1572 961 1622 ὑπέσχετό
979 1586 1041 1621 μοι
1068 1571 1368 1621 βουλεύσασθαι·
1396 1571 1542 1622 ἐρέσθαι

298 1642 338 1681 δέ
371 1644 415 1689 μ’
445 1642 546 1689 ὑμᾶς
577 1641 774 1681 ἐκέλευσεν
805 1640 964 1680 ἐλθόντα
988 1639 1086 1684 τίνος
1116 1638 1230 1680 ἕνεκα
1256 1639 1543 1689 ἐστρατεύσατε
1616 1684 1621 1690 ,

298 1710 360 1749 ἐπ’
387 1708 516 1749 αὐτόν.

379 1777 510 1819 Verba
528 1776 730 1829 polla-endi
756 1781 842 1827 post
866 1790 906 1815 se
929 1775 1137 1833 ‚requirunt
1162 1775 1366 1817 Futurum.
1416 1774 1545 1815 Multis

380 1845 477 1885 locis
509 1843 795 1897 Xenophonteis
829 1842 974 1898 legitur
1009 1842 1071 1883 vel
1103 1843 1323 1901 restitutum
1345 1848 1411 1884 est
1443 1857 1478 1884 e.
1503 1856 1541 1884 c.

378 1913 502 1953 Anab.
527 1913 600 1965 111.
624 1913 668 1961 1,
692 1912 732 1953 4.
760 1912 828 1954 VI.
853 1912 900 1960 4,
925 1911 991 1952 32.
1020 1912 1106 1954 VII.
1128 1913 1171 1960 2,
1198 1913 1269 1960 24,
1294 1911 1359 1953 25.
1388 1910 1540 1952 Hellen.

378 1982 410 2021 Ι.
442 1981 484 2029 6,
517 1981 580 2021 11.
617 1981 668 2020 11.
693 1980 741 2028 3,
774 1980 837 2020 13.
874 1980 944 2020 ΙΠ.
969 1980 1013 2028 2,
1044 1981 1108 2020 10.
1151 1980 1291 2033 Cyrop.
1318 1981 1371 2020 H.
1400 1981 1444 2027 2,
1475 1979 1539 2018 12.

377 2049 447 2090 III.
474 2049 516 2097 1,
539 2048 606 2089 31.
636 2047 702 2088 34.
738 2048 785 2096 2,
817 2047 881 2088 16.
918 2048 986 2090 IV.
1016 2049 1060 2096 4,
1092 2047 1155 2089 13.
1188 2048 1231 2096 6,
1258 2049 1297 2088 8.
1344 2048 1392 2090 V.
1421 2047 1469 2095 2,
1499 2047 1539 2087 8.

377 2119 424 2166 4,
452 2118 516 2157 11.
545 2118 612 2158 V1.
638 2117 679 2164 1,
710 2118 776 2156 21.
809 2117 855 2164 2,
884 2116 924 2157 3.
953 2117 1000 2164 4,
1025 2116 1049 2156 8
1077 2122 1148 2157 etc.
1200 2117 1284 2156 Hoc
1305 2115 1427 2169 igitur
1452 2114 1539 2155 loeo

376 2183 619 2224 scribendum
646 2189 704 2223 est
727 2183 1018 2231 βουλεύσεσθαι.
1081 2183 1171 2223 Pari
1196 2182 1312 2223 modo
1341 2182 1538 2223 emendari

375 2252 514 2292 debent
539 2251 663 2292 Anah.
683 2252 715 2292 Ι.
745 2252 789 2301 2,
814 2252 853 2292 2.
883 2250 1143 2301 ὑποσχόμενος
1176 2252 1306 2295 αὐτοῖς
1328 2250 1387 2299 μὴ
1421 2265 1535 2301 προσ-

374 2321 434 2360 θεν
457 2320 680 2360 παύσασθαι
701 2319 777 2374 leg.
797 2319 1034 2366 παύσεσθαι;
1067 2320 1151 2362 VH.
1174 2319 1219 2368 6,
1240 2319 1306 2359 38.
1332 2318 1445 2359 ἀλλὰ
1466 2317 1532 2357 καὶ

364 2388 517 2439 πατέρα
556 2388 625 2437 ἐμὲ
657 2393 816 2429 καλεῖτε
849 2388 914 2428 καὶ
952 2387 1013 2429 ἀεὶ
1049 2388 1097 2433 ὡς
1134 2387 1331 2438 εὐεργέτου
1359 2388 1533 2435 μεμνῆσ-

373 2458 431 2495 θαι
457 2457 704 2506 ὑπισχνεῖσθε
733 2456 809 2510 leg.
833 2457 1114 2505 μεμνήσεσθαις
1144 2457 1230 2499 VH.
1256 2457 1292 2503 ¹7,
1315 2455 1383 2494 31.
1412 2453 1479 2493 ἐὰν
1498 2453 1530 2491 οἱ

372 2525 440 2570 μὲν
465 2528 694 2574 στρατιῶται
725 2525 984 2574 ὑπισχνῶνται
1019 2524 1285 2574 προθυμότερον
1313 2523 1442 2567 αὐτοῖς
1463 2535 1529 2561 συ-
