1836 3085
922 179 997 218 100
1018 217 1022 221 .

897 300 1011 343 LVII.

326 373 329 376 “
394 373 487 414 Ibid.
504 387 536 412 e.
554 373 636 412 48..
657 370 843 421 „Servius
857 368 1005 408 Tullius
1017 368 1193 421 regnavit
1206 380 1324 408 annos
1346 374 1511 421 quatuor
1532 377 1569 411 et

341 440 613 495 quadraginta,
642 439 708 479 ita'
725 443 769 478 ut
789 437 891 491 bono
912 436 1027 477 etiam
1054 434 1326 490 moderatoque
1353 436 1571 479 succedenti

338 510 421 563 regi
455 507 617 549 difficilis
657 505 861 547 aemulatio
902 504 1035 545 esset.”
1106 504 1291 563 Legatum
1339 506 1477 545 Tullius
1491 506 1571 546 :ita

337 577 505 630 reynavit
526 582 597 616 etc.

886 628 1019 671 LVIII.
1376 676 1378 678 Ι

389 712 483 752 Ibid.
518 726 550 752 c.
587 712 651 751 49.
718 710 911 760 „Octavio
941 709 1109 768 Mamilio
1135 709 1350 749 Tusculano
1386 708 1431 762 (is
1458 709 1573 763 longe

337 781 513 833 princeps
549 779 673 819 Latini
707 778 870 818 nominis
914 782 1015 826 erat,
1054 777 1086 817 si
1121 776 1245 817 famae
1278 776 1486 827 eredimus,
1502 795 1506 800 ’
1525 777 1574 818 ab

337 848 446 888 Ulixe
467 848 623 900 Deaque
649 847 757 887 Circe
784 845 983 899 oriundus)
1015 846 1051 885 ei
1076 845 1243 885 Mamilio
1268 845 1385 885 filiam
1409 851 1572 898 nuptum

341 915 425 964 dat3
458 914 573 955 cett.''
631 914 813 955 Eiiciatur
841 915 875 955 ei
895 912 1077 954 Mamilio.

909 1008 1005 1047 LIX.

361 1093 363 1095 ’
391 1090 485 1131 Ibid.
522 1104 555 1130 c.
593 1090 657 1130 50.
709 1087 738 1139 '‚,
749 1089 906 1129 Nullam
938 1089 1153 1129 breviorem
1186 1102 1264 1128 esse
1299 1088 1576 1142 cognitionem,

338 1171 459 1210 quam
485 1158 586 1197 inter
611 1162 761 1211 patrem
789 1162 828 1197 et
856 1155 997 1205 filium,
1034 1156 1239 1209 paucisque
1270 1155 1394 1196 verbis
1420 1156 1579 1210 transigi

338 1240 446 1279 posse
470 1226 586 1267 cett.''
635 1227 812 1280 Expung.
840 1225 969 1266 verbis.

920 1306 997 1345 Lx.

396 1388 492 1429 Ibid.
523 1388 549 1430 l.
578 1389 628 1429 Π.
653 1402 686 1428 c.
712 1388 750 1428 5.
780 1390 799 1438 §
829 1389 865 1427 1.
932 1388 1016 1437 „De
1051 1387 1160 1427 bonis
1191 1389 1323 1443 regiig,
1362 1402 1458 1440 quae
1493 1388 1577 1428 red-

340 1455 465 1496 denda
492 1461 581 1496 ante
618 1460 861 1503 censuerant,
896 1468 958 1495 res
988 1455 1138 1509 integra
1170 1455 1336 1495 refertur
1371 1455 1419 1495 ad
1437 1456 1577 1496 Patres.

339 1524 417 1572 Ibi,
447 1525 538 1564 victi
568 1524 646 1572 ira,
676 1528 832 1563 vetuere
853 1522 981 1571 reddi,
1012 1529 1167 1563 vetuere
1196 1524 1236 1562 in
1264 1523 1460 1575 publicum
1488 1522 1578 1562 red-

339 1592 434 1645 igi.”
479 1590 729 1631 Scribendum
753 1590 838 1638 Illi,
866 1591 951 1629 victi
976 1591 1037 1630 ira
1063 1596 1149 1630 cett.

908 1699 1003 1738 LXI.

396 1792 490 1833 Ibid.
507 1793 575 1844 56.
595 1822 618 1842 ‚,
626 1792 733 1840 Illos,
756 1806 802 1831 eo
819 1792 1056 1845 potissimum
1069 1804 1171 1832 anno
1184 1793 1346 1844 patriam
1364 1792 1579 1840 liberatam,

342 1868 491 1914 patrem
518 1860 782 1908 liberatorem,
812 1859 1054 1900 consulatum
1081 1865 1210 1900 ortum
1236 1874 1285 1899 ex
1312 1860 1426 1901 domo
1447 1860 1594 1908 Iunias

343 1931 491 1977 Patres,
521 1928 693 1982 plebem,
728 1926 913 1980 quid'quid
937 1928 1138 1968 hominm
1163 1929 1407 1980 Deorumque
1433 1929 1580 1968 Roma-

341 2011 483 2038 norum
513 2001 629 2045 esset,
672 1994 863 2036 induxisse
889 1995 930 2035 in
957 1995 1149 2045 animum,
1192 2001 1237 2035 ut
1264 1996 1427 2051 superbo
1458 2009 1581 2049 quon-

343 2066 432 2106 dam
473 2065 577 2119 regi,
621 2070 704 2104 tum
747 2063 885 2104 infesto
925 2064 1066 2112 exsuli,
1110 2063 1354 2117 proderent.”
1416 2065 1582 2118 Legatur

348 2147 442 2173 nunc
468 2132 605 2186 infesto
632 2133 751 2173 emuli
778 2138 865 2173 cett.

841 2203 846 2206 ·
905 2188 1020 2229 LXII.

398 2269 491 2310 Ibid.
515 2283 547 2309 c.
577 2270 637 2309 12.
669 2269 830 2319 „Quum
853 2269 893 2311 C.
908 2269 1074 2318 Mucius,
1103 2268 1320 2311 adolescens
1340 2269 1493 2318 nobilis,
1519 2270 1582 2311 cui

342 2331 546 2393 indignum
587 2337 805 2387 videbatur,
848 2338 1036 2391 populum
1074 2339 1292 2380 Romanum
1335 2341 1581 2386 servientem,

349 2421 469 2459 quum
506 2406 576 2446 sub
612 2406 767 2460 regibus
802 2414 917 2454 esset,
956 2406 1065 2446 nullo
1100 2406 1203 2446 bello
1233 2421 1305 2447 nec
1338 2407 1385 2447 ab
1416 2407 1585 2447 hostibus

345 2475 433 2515 ullis
473 2474 664 2515 obsessum
707 2488 804 2523 esse3
849 2474 1013 2515 liberum
1042 2474 1206 2516 eundem
1248 2475 1435 2529 populum
1466 2472 1580 2514 cett.”

347 2544 600 2595 Expungatur
626 2542 743 2583 verba
770 2558 880 2596 quum
906 2543 970 2584 sab
998 2543 1142 2596 reyilma
1172 2551 1271 2585 esset.
