<?xml version="1.0" encoding="UTF-8"?>
<!DOCTYPE html PUBLIC "-//W3C//DTD XHTML 1.0 Transitional//EN"
    "http://www.w3.org/TR/xhtml1/DTD/xhtml1-transitional.dtd">
<html xmlns="http://www.w3.org/1999/xhtml" xml:lang="en" lang="en">
 <head>
  <title>
</title>
<meta http-equiv="Content-Type" content="text/html;charset=utf-8" />
  <meta name='ocr-system' content='tesseract 3.04.00' />
  <meta name='ocr-capabilities' content='ocr_page ocr_carea ocr_par ocr_line ocrx_word'/>
</head>
<body>
  <div class='ocr_page' id='page_1' title='image "4771430_0047.png"; bbox 0 0 1836 3126; ppageno 0'>
   <div class='ocr_carea' id='block_1_1' title="bbox 879 200 929 241">
    <p class='ocr_par' dir='ltr' id='par_1_1' title="bbox 879 200 929 241">
     <span class='ocr_line' id='line_1_1' title="bbox 879 200 929 241; baseline 0.04 -2"><span class='ocrx_word' id='word_1_1' title='bbox 879 200 929 241; x_wconf 85' lang='lat'><strong><em>29</em></strong></span> 
     </span>
    </p>
   </div>
   <div class='ocr_carea' id='block_1_2' title="bbox 284 326 1523 2615">
    <p class='ocr_par' dir='ltr' id='par_1_2' title="bbox 284 326 1523 2615">
     <span class='ocr_line' id='line_1_2' title="bbox 366 326 1521 376; baseline -0.005 -6"><span class='ocrx_word' id='word_1_2' title='bbox 366 329 649 370; x_wconf 74' lang='lat' dir='ltr'><strong>rescribendum</strong></span> <span class='ocrx_word' id='word_1_3' title='bbox 677 327 972 376; x_wconf 70' lang='grc' dir='ltr'><strong><em>ἀποκτείναιμεν</em></strong></span> <span class='ocrx_word' id='word_1_4' title='bbox 1000 332 1039 366; x_wconf 83' lang='lat' dir='ltr'><strong><em>et</em></strong></span> <span class='ocrx_word' id='word_1_5' title='bbox 1068 326 1374 371; x_wconf 74' lang='grc' dir='ltr'><strong><em>ἀποκτείναντες.</em></strong></span> <span class='ocrx_word' id='word_1_6' title='bbox 1432 326 1521 365; x_wconf 85' lang='lat' dir='ltr'><strong>Pari</strong></span> 
     </span>
     <span class='ocr_line' id='line_1_3' title="bbox 367 392 1520 452; baseline -0.005 -13"><span class='ocrx_word' id='word_1_7' title='bbox 367 397 480 438; x_wconf 88' lang='lat' dir='ltr'><strong>modo</strong></span> <span class='ocrx_word' id='word_1_8' title='bbox 515 396 732 452; x_wconf 80' lang='lat' dir='ltr'><strong>corrigendi</strong></span> <span class='ocrx_word' id='word_1_9' title='bbox 766 401 855 436; x_wconf 81' lang='lat' dir='ltr'><strong>‘sunt</strong></span> <span class='ocrx_word' id='word_1_10' title='bbox 888 393 1012 449; x_wconf 71' lang='lat' dir='ltr'><strong>Anab.</strong></span> <span class='ocrx_word' id='word_1_11' title='bbox 1043 394 1111 435; x_wconf 88' lang='lat' dir='ltr'><strong><em>IV.</em></strong></span> <span class='ocrx_word' id='word_1_12' title='bbox 1142 394 1187 442; x_wconf 91' lang='lat'><strong><em>8,</em></strong></span> <span class='ocrx_word' id='word_1_13' title='bbox 1217 393 1280 434; x_wconf 82' lang='lat'><strong><em>25.</em></strong></span> <span class='ocrx_word' id='word_1_14' title='bbox 1319 393 1357 439; x_wconf 83' lang='grc' dir='ltr'><strong><em>ὃς</em></strong></span> <span class='ocrx_word' id='word_1_15' title='bbox 1392 392 1520 445; x_wconf 82' lang='grc' dir='ltr'><strong><em>ἔφυγε</em></strong></span> 
     </span>
     <span class='ocr_line' id='line_1_4' title="bbox 366 460 1519 515; baseline -0.005 -9"><span class='ocrx_word' id='word_1_16' title='bbox 366 470 459 510; x_wconf 81' lang='grc' dir='ltr'><strong><em>παῖς</em></strong></span> <span class='ocrx_word' id='word_1_17' title='bbox 484 464 541 505; x_wconf 82' lang='grc' dir='ltr'><strong><em>ἔτι</em></strong></span> <span class='ocrx_word' id='word_1_18' title='bbox 565 466 611 505; x_wconf 74' lang='grc' dir='ltr'><strong><em>ὢν</em></strong></span> <span class='ocrx_word' id='word_1_19' title='bbox 637 464 793 508; x_wconf 76' lang='grc' dir='ltr'><strong><em>οἴκοθεν.</em></strong></span> <span class='ocrx_word' id='word_1_20' title='bbox 823 463 931 502; x_wconf 83' lang='grc' dir='ltr'><strong><em>παῖδ’</em></strong></span> <span class='ocrx_word' id='word_1_21' title='bbox 949 460 1050 500; x_wconf 75' lang='grc' dir='ltr'><strong><em>ἄκων</em></strong></span> <span class='ocrx_word' id='word_1_22' title='bbox 1075 462 1323 500; x_wconf 80' lang='grc' dir='ltr'><strong><em>κατακτανὼν</em></strong></span> <span class='ocrx_word' id='word_1_23' title='bbox 1344 461 1421 515; x_wconf 87' lang='lat' dir='ltr'>leg.</span> <span class='ocrx_word' id='word_1_24' title='bbox 1447 475 1519 500; x_wconf 87' lang='grc' dir='ltr'><strong><em>κα-</em></strong></span> 
     </span>
     <span class='ocr_line' id='line_1_5' title="bbox 363 529 1519 578; baseline -0.004 -5"><span class='ocrx_word' id='word_1_25' title='bbox 363 533 558 578; x_wconf 72' lang='grc' dir='ltr'><strong><em>τακανὼνς</em></strong></span> <span class='ocrx_word' id='word_1_26' title='bbox 596 531 686 572; x_wconf 83' lang='lat' dir='ltr'><strong>ibid.</strong></span> <span class='ocrx_word' id='word_1_27' title='bbox 715 531 800 573; x_wconf 86' lang='lat' dir='ltr'>VII.</span> <span class='ocrx_word' id='word_1_28' title='bbox 827 530 868 578; x_wconf 85' lang='lat'><strong><em>6,</em></strong></span> <span class='ocrx_word' id='word_1_29' title='bbox 893 531 958 571; x_wconf 86' lang='lat'><strong><em>38.</em></strong></span> <span class='ocrx_word' id='word_1_30' title='bbox 989 532 1052 569; x_wconf 85' lang='grc' dir='ltr'><strong><em>νῦν</em></strong></span> <span class='ocrx_word' id='word_1_31' title='bbox 1078 529 1121 574; x_wconf 69' lang='grc' dir='ltr'><strong><em>δὴ</em></strong></span> <span class='ocrx_word' id='word_1_32' title='bbox 1147 529 1271 578; x_wconf 81' lang='grc' dir='ltr'><strong><em>καιρὸς</em></strong></span> <span class='ocrx_word' id='word_1_33' title='bbox 1301 529 1403 569; x_wconf 84' lang='grc' dir='ltr'><strong><em>δοκεῖ</em></strong></span> <span class='ocrx_word' id='word_1_34' title='bbox 1429 530 1519 577; x_wconf 83' lang='grc' dir='ltr'><strong><em>ὑμῖν</em></strong></span> 
     </span>
     <span class='ocr_line' id='line_1_6' title="bbox 363 592 1516 649; baseline -0.003 -10"><span class='ocrx_word' id='word_1_35' title='bbox 363 592 459 639; x_wconf 74' lang='grc' dir='ltr'><strong><em>εἶναι</em></strong></span> <span class='ocrx_word' id='word_1_36' title='bbox 481 600 547 643; x_wconf 66' lang='grc' dir='ltr'><strong><em>ὡς</em></strong></span> <span class='ocrx_word' id='word_1_37' title='bbox 582 597 744 647; x_wconf 90' lang='grc' dir='ltr'><strong><em>τάχιστ’</em></strong></span> <span class='ocrx_word' id='word_1_38' title='bbox 775 596 843 644; x_wconf 76' lang='grc' dir='ltr'><strong><em>ἐμὲ</em></strong></span> <span class='ocrx_word' id='word_1_39' title='bbox 875 601 1144 636; x_wconf 67' lang='grc' dir='ltr'><strong><em>κατακτανεῖν.</em></strong></span> <span class='ocrx_word' id='word_1_40' title='bbox 1161 595 1239 649; x_wconf 84' lang='lat' dir='ltr'><strong>leg.</strong></span> <span class='ocrx_word' id='word_1_41' title='bbox 1262 600 1516 641; x_wconf 83' lang='grc' dir='ltr'><strong><em>κατακανεῖν;</em></strong></span> 
     </span>
     <span class='ocr_line' id='line_1_7' title="bbox 365 661 1521 717; baseline -0.003 -10"><span class='ocrx_word' id='word_1_42' title='bbox 365 666 469 707; x_wconf 73' lang='lat' dir='ltr'><strong>Hier.</strong></span> <span class='ocrx_word' id='word_1_43' title='bbox 500 666 545 715; x_wconf 84' lang='lat'><strong><em>6,</em></strong></span> <span class='ocrx_word' id='word_1_44' title='bbox 569 665 633 707; x_wconf 85' lang='lat'><strong><em>14.</em></strong></span> <span class='ocrx_word' id='word_1_45' title='bbox 662 664 814 709; x_wconf 83' lang='grc' dir='ltr'><strong><em>τούτους</em></strong></span> <span class='ocrx_word' id='word_1_46' title='bbox 846 663 885 705; x_wconf 78' lang='grc' dir='ltr'><strong><em>δὲ</em></strong></span> <span class='ocrx_word' id='word_1_47' title='bbox 919 664 1018 712; x_wconf 77' lang='grc' dir='ltr'><strong><em>μήτε</em></strong></span> <span class='ocrx_word' id='word_1_48' title='bbox 1044 663 1307 717; x_wconf 84' lang='grc' dir='ltr'><strong><em>κατακτείνειν</em></strong></span> <span class='ocrx_word' id='word_1_49' title='bbox 1340 661 1521 707; x_wconf 78' lang='grc' dir='ltr'><strong><em>ἅπαντας</em></strong></span> 
     </span>
     <span class='ocr_line' id='line_1_8' title="bbox 367 721 1277 788; baseline -0.001 -14"><span class='ocrx_word' id='word_1_50' title='bbox 367 725 434 774; x_wconf 74' lang='grc' dir='ltr'><strong><em>κτέ</em></strong></span> <span class='ocrx_word' id='word_1_51' title='bbox 459 722 539 788; x_wconf 77' lang='lat' dir='ltr'>leg.</span> <span class='ocrx_word' id='word_1_52' title='bbox 566 732 800 773; x_wconf 68' lang='grc' dir='ltr'><strong><em>ἀποκτείνειν</em></strong></span> <span class='ocrx_word' id='word_1_53' title='bbox 810 748 831 779; x_wconf 70' lang='grc' dir='ltr'><strong><em>ςι</em></strong></span> <span class='ocrx_word' id='word_1_54' title='bbox 853 732 941 785; x_wconf 83' lang='lat' dir='ltr'><strong>Cyr.</strong></span> <span class='ocrx_word' id='word_1_55' title='bbox 965 733 1033 773; x_wconf 90' lang='lat' dir='ltr'>III.</span> <span class='ocrx_word' id='word_1_56' title='bbox 1063 733 1107 781; x_wconf 90' lang='lat'><strong><em>1,</em></strong></span> <span class='ocrx_word' id='word_1_57' title='bbox 1131 733 1182 773; x_wconf 82' lang='lat'><strong><em>39</em></strong></span> <span class='ocrx_word' id='word_1_58' title='bbox 1206 721 1277 773; x_wconf 73' lang='lat' dir='ltr'><strong>cte.</strong></span> 
     </span>
     <span class='ocr_line' id='line_1_9' title="bbox 286 801 399 854; baseline 0.009 -13"><span class='ocrx_word' id='word_1_59' title='bbox 286 803 306 854; x_wconf 79' lang='lat'>§</span> <span class='ocrx_word' id='word_1_60' title='bbox 336 801 399 842; x_wconf 89' lang='lat'><strong><em>13.</em></strong></span> 
     </span>
     <span class='ocr_line' id='line_1_10' title="bbox 284 867 1522 917; baseline -0.001 -9"><span class='ocrx_word' id='word_1_61' title='bbox 284 868 526 917; x_wconf 75' lang='grc' dir='ltr'><strong><em>Αἰγυπτίους·</em></strong></span> <span class='ocrx_word' id='word_1_62' title='bbox 550 869 583 909; x_wconf 89' lang='grc' dir='ltr'><strong><em>δ’</em></strong></span> <span class='ocrx_word' id='word_1_63' title='bbox 605 867 657 914; x_wconf 76' lang='grc' dir='ltr'><strong><em>οἷς</em></strong></span> <span class='ocrx_word' id='word_1_64' title='bbox 678 868 840 917; x_wconf 88' lang='grc' dir='ltr'><strong><em>μάλιστ’</em></strong></span> <span class='ocrx_word' id='word_1_65' title='bbox 866 869 968 916; x_wconf 69' lang='grc' dir='ltr'><strong><em>ὑμᾶς</em></strong></span> <span class='ocrx_word' id='word_1_66' title='bbox 998 871 1060 908; x_wconf 79' lang='grc' dir='ltr'><strong><em>νῦν</em></strong></span> <span class='ocrx_word' id='word_1_67' title='bbox 1085 868 1282 916; x_wconf 81' lang='grc' dir='ltr'><strong><em>γιγνώσκω</em></strong></span> <span class='ocrx_word' id='word_1_68' title='bbox 1304 868 1522 916; x_wconf 79' lang='grc' dir='ltr'><strong><em>τεθυμωμέ-</em></strong></span> 
     </span>
     <span class='ocr_line' id='line_1_11' title="bbox 286 933 1521 987; baseline -0.001 -12"><span class='ocrx_word' id='word_1_69' title='bbox 286 950 387 981; x_wconf 88' lang='grc' dir='ltr'><strong><em>νους,</em></strong></span> <span class='ocrx_word' id='word_1_70' title='bbox 416 938 490 986; x_wconf 80' lang='grc' dir='ltr'><strong><em>οὐχ</em></strong></span> <span class='ocrx_word' id='word_1_71' title='bbox 520 936 606 986; x_wconf 78' lang='grc' dir='ltr'><strong><em>δρῶ,</em></strong></span> <span class='ocrx_word' id='word_1_72' title='bbox 636 935 726 987; x_wconf 71' lang='grc' dir='ltr'><strong><em>ποίᾳ</em></strong></span> <span class='ocrx_word' id='word_1_73' title='bbox 751 935 907 984; x_wconf 89' lang='grc' dir='ltr'><strong><em>δυνάμει</em></strong></span> <span class='ocrx_word' id='word_1_74' title='bbox 936 933 1136 984; x_wconf 80' lang='grc' dir='ltr'><strong><em>συμμάχῳ</em></strong></span> <span class='ocrx_word' id='word_1_75' title='bbox 1156 934 1393 984; x_wconf 70' lang='grc' dir='ltr'><strong><em>χρησάμενοι</em></strong></span> <span class='ocrx_word' id='word_1_76' title='bbox 1415 937 1521 982; x_wconf 76' lang='grc' dir='ltr'><strong><em>μᾶλ-</em></strong></span> 
     </span>
     <span class='ocr_line' id='line_1_12' title="bbox 285 1003 1211 1051; baseline -0.001 -8"><span class='ocrx_word' id='word_1_77' title='bbox 285 1012 350 1043; x_wconf 90' lang='grc' dir='ltr'><strong><em>λον</em></strong></span> <span class='ocrx_word' id='word_1_78' title='bbox 377 1003 424 1044; x_wconf 78' lang='grc' dir='ltr'><strong><em>ἂν</em></strong></span> <span class='ocrx_word' id='word_1_79' title='bbox 455 1003 662 1044; x_wconf 70' lang='grc' dir='ltr'><strong><em>κολάσεσθε</em></strong></span> <span class='ocrx_word' id='word_1_80' title='bbox 692 1009 760 1049; x_wconf 76' lang='grc' dir='ltr'><strong><em>τῆς</em></strong></span> <span class='ocrx_word' id='word_1_81' title='bbox 791 1006 853 1043; x_wconf 81' lang='grc' dir='ltr'><strong><em>νῦν</em></strong></span> <span class='ocrx_word' id='word_1_82' title='bbox 878 1004 945 1043; x_wconf 88' lang='grc' dir='ltr'><strong><em>σὺν</em></strong></span> <span class='ocrx_word' id='word_1_83' title='bbox 974 1003 1055 1051; x_wconf 77' lang='grc' dir='ltr'><strong><em>ἐμοὶ</em></strong></span> <span class='ocrx_word' id='word_1_84' title='bbox 1087 1003 1211 1049; x_wconf 80' lang='grc' dir='ltr'><strong><em>οὔσης.</em></strong></span> 
     </span>
     <span class='ocr_line' id='line_1_13' title="bbox 364 1070 1520 1126; baseline 0 -15"><span class='ocrx_word' id='word_1_85' title='bbox 364 1071 671 1126; x_wconf 84' lang='lat' dir='ltr'><strong>Expungendum</strong></span> <span class='ocrx_word' id='word_1_86' title='bbox 699 1077 755 1111; x_wconf 83' lang='lat' dir='ltr'><strong><em>est</em></strong></span> <span class='ocrx_word' id='word_1_87' title='bbox 775 1070 835 1111; x_wconf 71' lang='grc' dir='ltr'><strong><em>ἂν.</em></strong></span> <span class='ocrx_word' id='word_1_88' title='bbox 879 1070 994 1110; x_wconf 84' lang='lat' dir='ltr'><strong>Attici</strong></span> <span class='ocrx_word' id='word_1_89' title='bbox 1015 1070 1118 1111; x_wconf 86' lang='lat' dir='ltr'><strong>enim</strong></span> <span class='ocrx_word' id='word_1_90' title='bbox 1143 1070 1344 1123; x_wconf 84' lang='lat' dir='ltr'><strong>scriptores</strong></span> <span class='ocrx_word' id='word_1_91' title='bbox 1370 1070 1418 1110; x_wconf 76' lang='grc' dir='ltr'><strong><em>ἂν</em></strong></span> <span class='ocrx_word' id='word_1_92' title='bbox 1440 1084 1520 1111; x_wconf 89' lang='lat' dir='ltr'><strong><em>non</em></strong></span> 
     </span>
     <span class='ocr_line' id='line_1_14' title="bbox 365 1137 1520 1194; baseline -0.002 -14"><span class='ocrx_word' id='word_1_93' title='bbox 365 1140 605 1194; x_wconf 82' lang='lat' dir='ltr'><strong>coniungunt</strong></span> <span class='ocrx_word' id='word_1_94' title='bbox 626 1154 715 1180; x_wconf 90' lang='lat' dir='ltr'><strong><em>cum</em></strong></span> <span class='ocrx_word' id='word_1_95' title='bbox 743 1138 876 1179; x_wconf 82' lang='lat' dir='ltr'><strong>futuro</strong></span> <span class='ocrx_word' id='word_1_96' title='bbox 902 1138 1096 1178; x_wconf 84' lang='lat' dir='ltr'><strong>indicativi</strong></span> <span class='ocrx_word' id='word_1_97' title='bbox 1123 1144 1163 1178; x_wconf 81' lang='lat' dir='ltr'><strong><em>et</em></strong></span> <span class='ocrx_word' id='word_1_98' title='bbox 1183 1137 1258 1177; x_wconf 91' lang='lat' dir='ltr'><strong>loci</strong></span> <span class='ocrx_word' id='word_1_99' title='bbox 1285 1138 1352 1178; x_wconf 88' lang='lat' dir='ltr'><strong><em>ubi</em></strong></span> <span class='ocrx_word' id='word_1_100' title='bbox 1372 1138 1446 1178; x_wconf 84' lang='lat' dir='ltr'><strong><em>hoc</em></strong></span> <span class='ocrx_word' id='word_1_101' title='bbox 1464 1138 1520 1178; x_wconf 85' lang='lat' dir='ltr'><strong><em>le-</em></strong></span> 
     </span>
     <span class='ocr_line' id='line_1_15' title="bbox 364 1206 1521 1262; baseline 0 -15"><span class='ocrx_word' id='word_1_102' title='bbox 364 1208 471 1262; x_wconf 75' lang='lat' dir='ltr'><strong>gitur</strong></span> <span class='ocrx_word' id='word_1_103' title='bbox 497 1207 560 1248; x_wconf 84' lang='lat' dir='ltr'><strong><em>vel</em></strong></span> <span class='ocrx_word' id='word_1_104' title='bbox 586 1208 664 1247; x_wconf 84' lang='lat' dir='ltr'><strong><em>iam</em></strong></span> <span class='ocrx_word' id='word_1_105' title='bbox 690 1206 881 1253; x_wconf 79' lang='lat' dir='ltr'><strong>emendati</strong></span> <span class='ocrx_word' id='word_1_106' title='bbox 906 1212 997 1248; x_wconf 78' lang='lat' dir='ltr'><strong>sunt</strong></span> <span class='ocrx_word' id='word_1_107' title='bbox 1020 1220 1043 1246; x_wconf 84' lang='lat' dir='ltr'><strong>a</strong></span> <span class='ocrx_word' id='word_1_108' title='bbox 1065 1207 1148 1249; x_wconf 87' lang='lat' dir='ltr'><strong><em>VV.</em></strong></span> <span class='ocrx_word' id='word_1_109' title='bbox 1164 1207 1243 1247; x_wconf 90' lang='lat' dir='ltr'><strong><em>DD.</em></strong></span> <span class='ocrx_word' id='word_1_110' title='bbox 1272 1206 1335 1246; x_wconf 87' lang='lat' dir='ltr'><strong><em>vel</em></strong></span> <span class='ocrx_word' id='word_1_111' title='bbox 1362 1220 1521 1247; x_wconf 80' lang='lat' dir='ltr'><strong>manum</strong></span> 
     </span>
     <span class='ocr_line' id='line_1_16' title="bbox 365 1274 1518 1329; baseline 0.001 -15"><span class='ocrx_word' id='word_1_112' title='bbox 365 1274 662 1315; x_wconf 85' lang='lat' dir='ltr'><strong>emendatricem</strong></span> <span class='ocrx_word' id='word_1_113' title='bbox 688 1281 918 1328; x_wconf 84' lang='lat' dir='ltr'><strong>exspectant.</strong></span> <span class='ocrx_word' id='word_1_114' title='bbox 957 1275 1020 1314; x_wconf 90' lang='lat' dir='ltr'><strong><em>Sic</em></strong></span> <span class='ocrx_word' id='word_1_115' title='bbox 1046 1289 1079 1314; x_wconf 90' lang='lat' dir='ltr'><strong><em>e.</em></strong></span> <span class='ocrx_word' id='word_1_116' title='bbox 1105 1289 1138 1315; x_wconf 88' lang='lat' dir='ltr'><strong><em>c.</em></strong></span> <span class='ocrx_word' id='word_1_117' title='bbox 1166 1275 1207 1314; x_wconf 88' lang='lat' dir='ltr'><strong><em>in</em></strong></span> <span class='ocrx_word' id='word_1_118' title='bbox 1231 1276 1348 1315; x_wconf 84' lang='lat' dir='ltr'><strong>Isocr.</strong></span> <span class='ocrx_word' id='word_1_119' title='bbox 1376 1276 1518 1329; x_wconf 79' lang='lat' dir='ltr'><strong>Paneg.</strong></span> 
     </span>
     <span class='ocr_line' id='line_1_17' title="bbox 365 1340 1519 1392; baseline -0.001 -10"><span class='ocrx_word' id='word_1_120' title='bbox 365 1356 399 1383; x_wconf 83' lang='lat' dir='ltr'><strong><em>c.</em></strong></span> <span class='ocrx_word' id='word_1_121' title='bbox 424 1343 489 1382; x_wconf 83' lang='lat'><strong><em>48.</em></strong></span> <span class='ocrx_word' id='word_1_122' title='bbox 518 1342 627 1390; x_wconf 82' lang='grc' dir='ltr'><strong><em>μόνος</em></strong></span> <span class='ocrx_word' id='word_1_123' title='bbox 662 1343 738 1392; x_wconf 73' lang='grc' dir='ltr'><strong><em>γαρ</em></strong></span> <span class='ocrx_word' id='word_1_124' title='bbox 775 1340 878 1387; x_wconf 80' lang='grc' dir='ltr'><strong><em>οὗτος</em></strong></span> <span class='ocrx_word' id='word_1_125' title='bbox 915 1342 932 1381; x_wconf 78' lang='grc' dir='ltr'><em>ὃ</em></span> <span class='ocrx_word' id='word_1_126' title='bbox 969 1342 1134 1390; x_wconf 86' lang='grc' dir='ltr'><strong><em>πόλεμος</em></strong></span> <span class='ocrx_word' id='word_1_127' title='bbox 1167 1342 1343 1391; x_wconf 85' lang='grc' dir='ltr'><strong><em>κρείττων</em></strong></span> <span class='ocrx_word' id='word_1_128' title='bbox 1380 1343 1519 1391; x_wconf 75' lang='grc' dir='ltr'><strong><em>εἰρήνης</em></strong></span> 
     </span>
     <span class='ocr_line' id='line_1_18' title="bbox 364 1409 1519 1461; baseline -0.001 -12"><span class='ocrx_word' id='word_1_129' title='bbox 364 1409 467 1461; x_wconf 76' lang='grc' dir='ltr'><strong><em>ἐστὶ,</em></strong></span> <span class='ocrx_word' id='word_1_130' title='bbox 495 1409 623 1460; x_wconf 73' lang='grc' dir='ltr'><strong><em>θεωρίᾳ</em></strong></span> <span class='ocrx_word' id='word_1_131' title='bbox 649 1410 718 1457; x_wconf 79' lang='grc' dir='ltr'><strong><em>μὲν</em></strong></span> <span class='ocrx_word' id='word_1_132' title='bbox 748 1412 899 1458; x_wconf 71' lang='grc' dir='ltr'><strong><em>μᾶλλον</em></strong></span> <span class='ocrx_word' id='word_1_133' title='bbox 929 1410 949 1456; x_wconf 79' lang='grc' dir='ltr'>ἢ</span> <span class='ocrx_word' id='word_1_134' title='bbox 978 1409 1161 1460; x_wconf 69' lang='grc' dir='ltr'><strong><em>στρατείᾳ</em></strong></span> <span class='ocrx_word' id='word_1_135' title='bbox 1183 1410 1419 1459; x_wconf 83' lang='grc' dir='ltr'><strong><em>προσεοικὼς,</em></strong></span> <span class='ocrx_word' id='word_1_136' title='bbox 1441 1410 1519 1458; x_wconf 78' lang='grc' dir='ltr'><strong><em>άμ-</em></strong></span> 
     </span>
     <span class='ocr_line' id='line_1_19' title="bbox 364 1476 1521 1529; baseline 0 -12"><span class='ocrx_word' id='word_1_137' title='bbox 364 1477 534 1528; x_wconf 84' lang='grc' dir='ltr'><strong><em>φοτέροις</em></strong></span> <span class='ocrx_word' id='word_1_138' title='bbox 569 1478 608 1517; x_wconf 78' lang='grc' dir='ltr'><strong><em>δὲ</em></strong></span> <span class='ocrx_word' id='word_1_139' title='bbox 642 1478 866 1529; x_wconf 81' lang='grc' dir='ltr'><strong><em>συμφέρων,</em></strong></span> <span class='ocrx_word' id='word_1_140' title='bbox 899 1478 964 1518; x_wconf 76' lang='grc' dir='ltr'><strong><em>καὶ</em></strong></span> <span class='ocrx_word' id='word_1_141' title='bbox 991 1483 1069 1522; x_wconf 81' lang='grc' dir='ltr'><strong><em>τοῖς</em></strong></span> <span class='ocrx_word' id='word_1_142' title='bbox 1102 1477 1268 1527; x_wconf 77' lang='grc' dir='ltr'><strong><em>ἡσυχίαν</em></strong></span> <span class='ocrx_word' id='word_1_143' title='bbox 1294 1476 1405 1526; x_wconf 78' lang='grc' dir='ltr'><strong><em>ἄγειν</em></strong></span> <span class='ocrx_word' id='word_1_144' title='bbox 1431 1477 1521 1525; x_wconf 86' lang='grc' dir='ltr'><strong><em>βου-</em></strong></span> 
     </span>
     <span class='ocr_line' id='line_1_20' title="bbox 363 1545 1521 1595; baseline -0.001 -10"><span class='ocrx_word' id='word_1_145' title='bbox 363 1545 531 1594; x_wconf 84' lang='grc' dir='ltr'><strong><em>λομένοις</em></strong></span> <span class='ocrx_word' id='word_1_146' title='bbox 560 1545 624 1585; x_wconf 77' lang='grc' dir='ltr'><strong><em>καὶ</em></strong></span> <span class='ocrx_word' id='word_1_147' title='bbox 653 1551 731 1590; x_wconf 84' lang='grc' dir='ltr'><strong><em>τοῖς</em></strong></span> <span class='ocrx_word' id='word_1_148' title='bbox 761 1552 943 1595; x_wconf 76' lang='grc' dir='ltr'><strong><em>πολεμεῖν</em></strong></span> <span class='ocrx_word' id='word_1_149' title='bbox 974 1546 1228 1593; x_wconf 75' lang='grc' dir='ltr'><strong><em>ἐπιθυμοῦσιν.</em></strong></span> <span class='ocrx_word' id='word_1_150' title='bbox 1259 1545 1413 1592; x_wconf 75' lang='grc' dir='ltr'><strong><em>ἔξεσται</em></strong></span> <span class='ocrx_word' id='word_1_151' title='bbox 1444 1546 1521 1594; x_wconf 79' lang='grc' dir='ltr'><strong><em>γὰρ</em></strong></span> 
     </span>
     <span class='ocr_line' id='line_1_21' title="bbox 363 1612 1519 1665; baseline 0 -12"><span class='ocrx_word' id='word_1_152' title='bbox 363 1612 411 1653; x_wconf 74' lang='grc' dir='ltr'><strong><em>ἂν</em></strong></span> <span class='ocrx_word' id='word_1_153' title='bbox 438 1618 516 1658; x_wconf 83' lang='grc' dir='ltr'><strong><em>τοῖς</em></strong></span> <span class='ocrx_word' id='word_1_154' title='bbox 542 1613 612 1662; x_wconf 80' lang='grc' dir='ltr'><strong><em>μὲν</em></strong></span> <span class='ocrx_word' id='word_1_155' title='bbox 639 1614 756 1658; x_wconf 81' lang='grc' dir='ltr'><strong><em>άδεῶς</em></strong></span> <span class='ocrx_word' id='word_1_156' title='bbox 783 1614 834 1653; x_wconf 73' lang='grc' dir='ltr'><strong><em>τὰ</em></strong></span> <span class='ocrx_word' id='word_1_157' title='bbox 861 1613 1016 1665; x_wconf 83' lang='grc' dir='ltr'><strong><em>σφέτερ’</em></strong></span> <span class='ocrx_word' id='word_1_158' title='bbox 1041 1614 1164 1653; x_wconf 80' lang='grc' dir='ltr'><strong><em>αὐτῶν</em></strong></span> <span class='ocrx_word' id='word_1_159' title='bbox 1188 1614 1421 1663; x_wconf 80' lang='grc' dir='ltr'><strong><em>καρποῦσθαι</em></strong></span> <span class='ocrx_word' id='word_1_160' title='bbox 1438 1613 1519 1653; x_wconf 78' lang='grc' dir='ltr'><strong><em>κτὲ.</em></strong></span> 
     </span>
     <span class='ocr_line' id='line_1_22' title="bbox 363 1680 1521 1735; baseline 0 -15"><span class='ocrx_word' id='word_1_161' title='bbox 363 1682 404 1720; x_wconf 83' lang='lat' dir='ltr'><strong><em>in</em></strong></span> <span class='ocrx_word' id='word_1_162' title='bbox 440 1681 583 1734; x_wconf 85' lang='lat' dir='ltr'><strong>optimo</strong></span> <span class='ocrx_word' id='word_1_163' title='bbox 618 1681 745 1721; x_wconf 85' lang='lat' dir='ltr'><strong>codice</strong></span> <span class='ocrx_word' id='word_1_164' title='bbox 772 1681 905 1722; x_wconf 87' lang='lat' dir='ltr'><strong>Urbin.</strong></span> <span class='ocrx_word' id='word_1_165' title='bbox 939 1682 1036 1721; x_wconf 85' lang='lat' dir='ltr'><strong>bene</strong></span> <span class='ocrx_word' id='word_1_166' title='bbox 1063 1681 1207 1735; x_wconf 84' lang='lat' dir='ltr'><strong>legitur</strong></span> <span class='ocrx_word' id='word_1_167' title='bbox 1233 1681 1332 1729; x_wconf 82' lang='grc' dir='ltr'><strong><em>ἐξείη</em></strong></span> <span class='ocrx_word' id='word_1_168' title='bbox 1365 1681 1442 1730; x_wconf 73' lang='grc' dir='ltr'><strong><em>γὰρ</em></strong></span> <span class='ocrx_word' id='word_1_169' title='bbox 1472 1680 1521 1720; x_wconf 73' lang='grc' dir='ltr'><strong><em>ἂν</em></strong></span> 
     </span>
     <span class='ocr_line' id='line_1_23' title="bbox 362 1746 1520 1801; baseline 0 -13"><span class='ocrx_word' id='word_1_170' title='bbox 362 1748 442 1788; x_wconf 80' lang='grc' dir='ltr'><strong><em>κτὲ.</em></strong></span> <span class='ocrx_word' id='word_1_171' title='bbox 488 1748 552 1789; x_wconf 86' lang='lat' dir='ltr'><strong><em>Sic</em></strong></span> <span class='ocrx_word' id='word_1_172' title='bbox 578 1747 681 1801; x_wconf 81' lang='lat' dir='ltr'><strong>apud</strong></span> <span class='ocrx_word' id='word_1_173' title='bbox 706 1748 898 1790; x_wconf 87' lang='lat' dir='ltr'><strong>Demosth.</strong></span> <span class='ocrx_word' id='word_1_174' title='bbox 928 1750 947 1800; x_wconf 87' lang='lat'>§</span> <span class='ocrx_word' id='word_1_175' title='bbox 978 1749 1069 1789; x_wconf 88' lang='lat'>111.</span> <span class='ocrx_word' id='word_1_176' title='bbox 1097 1749 1151 1797; x_wconf 75' lang='grc' dir='ltr'><strong><em>μη</em></strong></span> <span class='ocrx_word' id='word_1_177' title='bbox 1176 1746 1235 1789; x_wconf 78' lang='grc' dir='ltr'><strong><em>οὖν</em></strong></span> <span class='ocrx_word' id='word_1_178' title='bbox 1264 1748 1430 1799; x_wconf 75' lang='grc' dir='ltr'><strong><em>ἄχθεσθε</em></strong></span> <span class='ocrx_word' id='word_1_179' title='bbox 1451 1750 1520 1788; x_wconf 83' lang='grc' dir='ltr'><strong><em>αὖ-</em></strong></span> 
     </span>
     <span class='ocr_line' id='line_1_24' title="bbox 367 1816 1520 1867; baseline 0 -10"><span class='ocrx_word' id='word_1_180' title='bbox 367 1820 434 1857; x_wconf 83' lang='grc' dir='ltr'><strong><em>τοῦ</em></strong></span> <span class='ocrx_word' id='word_1_181' title='bbox 464 1816 645 1861; x_wconf 87' lang='grc' dir='ltr'><strong><em>κλάοντος</em></strong></span> <span class='ocrx_word' id='word_1_182' title='bbox 675 1817 738 1857; x_wconf 78' lang='grc' dir='ltr'><strong><em>καὶ</em></strong></span> <span class='ocrx_word' id='word_1_183' title='bbox 763 1817 991 1867; x_wconf 81' lang='grc' dir='ltr'><strong><em>ὀδυρομένου·</em></strong></span> <span class='ocrx_word' id='word_1_184' title='bbox 1032 1818 1129 1857; x_wconf 86' lang='grc' dir='ltr'><strong><em>πολὺ</em></strong></span> <span class='ocrx_word' id='word_1_185' title='bbox 1158 1817 1234 1867; x_wconf 77' lang='grc' dir='ltr'><strong><em>γὰρ</em></strong></span> <span class='ocrx_word' id='word_1_186' title='bbox 1261 1816 1307 1857; x_wconf 78' lang='grc' dir='ltr'><strong><em>ἂν</em></strong></span> <span class='ocrx_word' id='word_1_187' title='bbox 1337 1816 1520 1857; x_wconf 85' lang='grc' dir='ltr'><strong><em>δικαιότε-</em></strong></span> 
     </span>
     <span class='ocr_line' id='line_1_25' title="bbox 366 1885 1522 1935; baseline 0.001 -11"><span class='ocrx_word' id='word_1_188' title='bbox 366 1899 424 1935; x_wconf 89' lang='grc' dir='ltr'><strong><em>ρον</em></strong></span> <span class='ocrx_word' id='word_1_189' title='bbox 454 1886 633 1932; x_wconf 79' lang='grc' dir='ltr'><strong><em>ἐλεήσετε</em></strong></span> <span class='ocrx_word' id='word_1_190' title='bbox 660 1885 728 1931; x_wconf 70' lang='grc' dir='ltr'><strong><em>τὴν</em></strong></span> <span class='ocrx_word' id='word_1_191' title='bbox 757 1888 885 1935; x_wconf 84' lang='grc' dir='ltr'><strong><em>χώραν</em></strong></span> <span class='ocrx_word' id='word_1_192' title='bbox 908 1886 987 1925; x_wconf 82' lang='grc' dir='ltr'><strong><em>κτὲ.</em></strong></span> <span class='ocrx_word' id='word_1_193' title='bbox 1031 1885 1228 1925; x_wconf 81' lang='lat' dir='ltr'><strong>Bekkerus</strong></span> <span class='ocrx_word' id='word_1_194' title='bbox 1258 1891 1361 1925; x_wconf 80' lang='lat' dir='ltr'><strong>recte</strong></span> <span class='ocrx_word' id='word_1_195' title='bbox 1387 1885 1522 1925; x_wconf 82' lang='lat' dir='ltr'><strong>rescri-</strong></span> 
     </span>
     <span class='ocr_line' id='line_1_26' title="bbox 294 1952 1520 2007; baseline 0.001 -14"><span class='ocrx_word' id='word_1_196' title='bbox 294 1976 298 1981; x_wconf 92' lang='lat'><em>-</em></span> <span class='ocrx_word' id='word_1_197' title='bbox 365 1954 440 2007; x_wconf 85' lang='lat' dir='ltr'><strong>psit</strong></span> <span class='ocrx_word' id='word_1_198' title='bbox 465 1954 678 2000; x_wconf 76' lang='grc' dir='ltr'><strong><em>ἔλεήσαιτε.</em></strong></span> <span class='ocrx_word' id='word_1_199' title='bbox 722 1952 836 2006; x_wconf 86' lang='lat' dir='ltr'><strong>Apud</strong></span> <span class='ocrx_word' id='word_1_200' title='bbox 857 1953 1004 1994; x_wconf 77' lang='lat' dir='ltr'><strong>Platon.</strong></span> <span class='ocrx_word' id='word_1_201' title='bbox 1035 1953 1083 1994; x_wconf 84' lang='lat' dir='ltr'><strong><em>de</em></strong></span> <span class='ocrx_word' id='word_1_202' title='bbox 1108 1955 1203 2006; x_wconf 87' lang='lat' dir='ltr'><strong>Rep.</strong></span> <span class='ocrx_word' id='word_1_203' title='bbox 1228 1955 1276 1994; x_wconf 87' lang='lat' dir='ltr'><strong><em>X.</em></strong></span> <span class='ocrx_word' id='word_1_204' title='bbox 1300 1968 1339 2006; x_wconf 89' lang='lat' dir='ltr'><strong><em>p.</em></strong></span> <span class='ocrx_word' id='word_1_205' title='bbox 1370 1954 1446 1993; x_wconf 87' lang='grc'><strong><em>615</em></strong></span> <span class='ocrx_word' id='word_1_206' title='bbox 1474 1953 1520 1994; x_wconf 86' lang='lat' dir='ltr'><strong><em>D.</em></strong></span> 
     </span>
     <span class='ocr_line' id='line_1_27' title="bbox 365 2016 1520 2074; baseline -0.001 -14"><span class='ocrx_word' id='word_1_207' title='bbox 365 2019 509 2074; x_wconf 84' lang='lat' dir='ltr'><strong>legitur</strong></span> <span class='ocrx_word' id='word_1_208' title='bbox 531 2018 605 2069; x_wconf 83' lang='grc' dir='ltr'><strong><em>ἔφη</em></strong></span> <span class='ocrx_word' id='word_1_209' title='bbox 635 2016 694 2058; x_wconf 78' lang='grc' dir='ltr'><strong><em>οὖν</em></strong></span> <span class='ocrx_word' id='word_1_210' title='bbox 717 2020 781 2058; x_wconf 86' lang='grc' dir='ltr'><strong><em>τὸν</em></strong></span> <span class='ocrx_word' id='word_1_211' title='bbox 801 2020 1030 2069; x_wconf 81' lang='grc' dir='ltr'><strong><em>ἐρωτώμενον</em></strong></span> <span class='ocrx_word' id='word_1_212' title='bbox 1052 2021 1191 2064; x_wconf 76' lang='grc' dir='ltr'><strong><em>εἰπεῖν,</em></strong></span> <span class='ocrx_word' id='word_1_213' title='bbox 1221 2022 1295 2069; x_wconf 80' lang='grc' dir='ltr'><strong><em>οὐχ</em></strong></span> <span class='ocrx_word' id='word_1_214' title='bbox 1315 2019 1417 2066; x_wconf 75' lang='grc' dir='ltr'><strong><em>ἥκει,</em></strong></span> <span class='ocrx_word' id='word_1_215' title='bbox 1440 2020 1520 2070; x_wconf 86' lang='grc' dir='ltr'><strong><em>φά-</em></strong></span> 
     </span>
     <span class='ocr_line' id='line_1_28' title="bbox 294 2085 1523 2140; baseline -0.001 -12"><span class='ocrx_word' id='word_1_216' title='bbox 294 2108 296 2111; x_wconf 92' lang='grc'><em>·</em></span> <span class='ocrx_word' id='word_1_217' title='bbox 366 2102 444 2132; x_wconf 90' lang='grc' dir='ltr'><strong><em>ναι,</em></strong></span> <span class='ocrx_word' id='word_1_218' title='bbox 474 2086 548 2127; x_wconf 81' lang='grc' dir='ltr'><strong><em>οὐδ’</em></strong></span> <span class='ocrx_word' id='word_1_219' title='bbox 573 2085 620 2126; x_wconf 74' lang='grc' dir='ltr'><strong><em>ἂν</em></strong></span> <span class='ocrx_word' id='word_1_220' title='bbox 646 2085 724 2134; x_wconf 72' lang='grc' dir='ltr'><strong><em>ἥξει</em></strong></span> <span class='ocrx_word' id='word_1_221' title='bbox 751 2087 876 2137; x_wconf 83' lang='grc' dir='ltr'><strong><em>δεῦρο,</em></strong></span> <span class='ocrx_word' id='word_1_222' title='bbox 912 2086 1015 2140; x_wconf 91' lang='lat' dir='ltr'><strong>quod</strong></span> <span class='ocrx_word' id='word_1_223' title='bbox 1041 2086 1254 2127; x_wconf 82' lang='lat' dir='ltr'><strong>Stallbaum</strong></span> <span class='ocrx_word' id='word_1_224' title='bbox 1281 2087 1330 2127; x_wconf 85' lang='lat' dir='ltr'><strong><em>ad</em></strong></span> <span class='ocrx_word' id='word_1_225' title='bbox 1350 2086 1389 2128; x_wconf 88' lang='lat' dir='ltr'><strong><em>h.</em></strong></span> <span class='ocrx_word' id='word_1_226' title='bbox 1406 2086 1432 2128; x_wconf 92' lang='lat' dir='ltr'><strong><em>l.</em></strong></span> <span class='ocrx_word' id='word_1_227' title='bbox 1456 2101 1523 2127; x_wconf 82' lang='lat' dir='ltr'><strong><em>sa-</em></strong></span> 
     </span>
     <span class='ocr_line' id='line_1_29' title="bbox 364 2154 1522 2209; baseline 0.001 -15"><span class='ocrx_word' id='word_1_228' title='bbox 364 2155 412 2195; x_wconf 83' lang='lat' dir='ltr'><strong><em>tis</em></strong></span> <span class='ocrx_word' id='word_1_229' title='bbox 443 2160 591 2195; x_wconf 83' lang='lat' dir='ltr'><strong>certum</strong></span> <span class='ocrx_word' id='word_1_230' title='bbox 618 2154 838 2208; x_wconf 84' lang='lat' dir='ltr'><strong>exemplum</strong></span> <span class='ocrx_word' id='word_1_231' title='bbox 870 2154 992 2195; x_wconf 84' lang='lat' dir='ltr'><strong>futuri</strong></span> <span class='ocrx_word' id='word_1_232' title='bbox 1017 2155 1131 2196; x_wconf 90' lang='lat' dir='ltr'><strong>indic.</strong></span> <span class='ocrx_word' id='word_1_233' title='bbox 1160 2169 1249 2195; x_wconf 89' lang='lat' dir='ltr'><strong><em>cum</em></strong></span> <span class='ocrx_word' id='word_1_234' title='bbox 1278 2154 1325 2195; x_wconf 74' lang='grc' dir='ltr'><strong><em>ἂν</em></strong></span> <span class='ocrx_word' id='word_1_235' title='bbox 1353 2155 1522 2209; x_wconf 82' lang='lat' dir='ltr'><strong>copulati</strong></span> 
     </span>
     <span class='ocr_line' id='line_1_30' title="bbox 366 2223 1520 2273; baseline 0.001 -11"><span class='ocrx_word' id='word_1_236' title='bbox 366 2228 488 2263; x_wconf 79' lang='lat' dir='ltr'><strong>vocat.</strong></span> <span class='ocrx_word' id='word_1_237' title='bbox 545 2223 675 2273; x_wconf 88' lang='lat' dir='ltr'><strong>Quum</strong></span> <span class='ocrx_word' id='word_1_238' title='bbox 708 2228 835 2263; x_wconf 81' lang='lat' dir='ltr'><strong>autem</strong></span> <span class='ocrx_word' id='word_1_239' title='bbox 862 2223 903 2263; x_wconf 91' lang='lat' dir='ltr'><strong><em>in</em></strong></span> <span class='ocrx_word' id='word_1_240' title='bbox 930 2223 1128 2264; x_wconf 83' lang='lat' dir='ltr'><strong>nonnullis</strong></span> <span class='ocrx_word' id='word_1_241' title='bbox 1156 2223 1264 2264; x_wconf 87' lang='lat' dir='ltr'><strong>codd.</strong></span> <span class='ocrx_word' id='word_1_242' title='bbox 1296 2228 1334 2263; x_wconf 81' lang='lat' dir='ltr'><strong><em>et</em></strong></span> <span class='ocrx_word' id='word_1_243' title='bbox 1365 2223 1406 2263; x_wconf 90' lang='lat' dir='ltr'><strong><em>in</em></strong></span> <span class='ocrx_word' id='word_1_244' title='bbox 1433 2224 1520 2263; x_wconf 83' lang='lat' dir='ltr'><strong>Ste-</strong></span> 
     </span>
     <span class='ocr_line' id='line_1_31' title="bbox 365 2289 1521 2344; baseline 0.002 -16"><span class='ocrx_word' id='word_1_245' title='bbox 365 2289 482 2342; x_wconf 82' lang='lat' dir='ltr'><strong>phani</strong></span> <span class='ocrx_word' id='word_1_246' title='bbox 506 2289 594 2331; x_wconf 85' lang='lat' dir='ltr'><strong>edit.</strong></span> <span class='ocrx_word' id='word_1_247' title='bbox 617 2289 694 2338; x_wconf 76' lang='grc' dir='ltr'><strong><em>ἥξοι</em></strong></span> <span class='ocrx_word' id='word_1_248' title='bbox 716 2290 886 2344; x_wconf 82' lang='lat' dir='ltr'><strong>legatur,</strong></span> <span class='ocrx_word' id='word_1_249' title='bbox 914 2291 977 2331; x_wconf 82' lang='lat' dir='ltr'><strong><em>vel</em></strong></span> <span class='ocrx_word' id='word_1_250' title='bbox 999 2291 1073 2331; x_wconf 92' lang='lat' dir='ltr'><strong><em>hoc</em></strong></span> <span class='ocrx_word' id='word_1_251' title='bbox 1094 2291 1335 2332; x_wconf 77' lang='lat' dir='ltr'><strong>retinendum</strong></span> <span class='ocrx_word' id='word_1_252' title='bbox 1363 2297 1434 2339; x_wconf 83' lang='lat' dir='ltr'><strong>est,</strong></span> <span class='ocrx_word' id='word_1_253' title='bbox 1459 2291 1521 2330; x_wconf 83' lang='lat' dir='ltr'><strong><em>vel</em></strong></span> 
     </span>
     <span class='ocr_line' id='line_1_32' title="bbox 292 2355 1520 2413; baseline 0.002 -18"><span class='ocrx_word' id='word_1_254' title='bbox 292 2371 294 2373; x_wconf 86' lang='lat'>·</span> <span class='ocrx_word' id='word_1_255' title='bbox 366 2355 413 2396; x_wconf 76' lang='grc' dir='ltr'><strong><em>ἂν</em></strong></span> <span class='ocrx_word' id='word_1_256' title='bbox 441 2356 680 2399; x_wconf 85' lang='lat' dir='ltr'><strong>eiiciendum.</strong></span> <span class='ocrx_word' id='word_1_257' title='bbox 736 2358 799 2398; x_wconf 91' lang='lat' dir='ltr'><strong><em>Sic</em></strong></span> <span class='ocrx_word' id='word_1_258' title='bbox 825 2359 866 2398; x_wconf 91' lang='lat' dir='ltr'><strong><em>in</em></strong></span> <span class='ocrx_word' id='word_1_259' title='bbox 892 2358 1055 2413; x_wconf 84' lang='lat' dir='ltr'><strong>Apolog.</strong></span> <span class='ocrx_word' id='word_1_260' title='bbox 1090 2373 1129 2413; x_wconf 56' lang='lat' dir='ltr'><strong><em>p4</em></strong></span> <span class='ocrx_word' id='word_1_261' title='bbox 1158 2360 1209 2399; x_wconf 80' lang='lat'><strong><em>29</em></strong></span> <span class='ocrx_word' id='word_1_262' title='bbox 1232 2359 1272 2400; x_wconf 89' lang='lat' dir='ltr'><strong><em>C.</em></strong></span> <span class='ocrx_word' id='word_1_263' title='bbox 1301 2359 1347 2403; x_wconf 78' lang='grc' dir='ltr'><strong><em>ὡς</em></strong></span> <span class='ocrx_word' id='word_1_264' title='bbox 1376 2359 1407 2398; x_wconf 80' lang='grc' dir='ltr'><strong><em>εἰ</em></strong></span> <span class='ocrx_word' id='word_1_265' title='bbox 1439 2358 1520 2398; x_wconf 87' lang='grc' dir='ltr'><strong><em>δια-</em></strong></span> 
     </span>
     <span class='ocr_line' id='line_1_33' title="bbox 366 2422 1520 2473; baseline 0.001 -10"><span class='ocrx_word' id='word_1_266' title='bbox 366 2422 595 2473; x_wconf 77' lang='grc' dir='ltr'><strong><em>φευξοίμην,</em></strong></span> <span class='ocrx_word' id='word_1_267' title='bbox 643 2424 708 2470; x_wconf 78' lang='grc' dir='ltr'><strong><em>ἤδη</em></strong></span> <span class='ocrx_word' id='word_1_268' title='bbox 755 2423 802 2463; x_wconf 76' lang='grc' dir='ltr'><strong><em>ἂν</em></strong></span> <span class='ocrx_word' id='word_1_269' title='bbox 843 2425 943 2472; x_wconf 77' lang='grc' dir='ltr'><strong><em>ὑμῶν</em></strong></span> <span class='ocrx_word' id='word_1_270' title='bbox 977 2427 1009 2465; x_wconf 86' lang='grc' dir='ltr'><strong><em>οἱ</em></strong></span> <span class='ocrx_word' id='word_1_271' title='bbox 1045 2428 1137 2471; x_wconf 83' lang='grc' dir='ltr'><strong><em>υἱεῖς</em></strong></span> <span class='ocrx_word' id='word_1_272' title='bbox 1176 2426 1454 2472; x_wconf 77' lang='grc' dir='ltr'><strong><em>ἐπιτηδεύοντες</em></strong></span> <span class='ocrx_word' id='word_1_273' title='bbox 1493 2425 1520 2464; x_wconf 77' lang='grc' dir='ltr'><strong><em>ἃ</em></strong></span> 
     </span>
     <span class='ocr_line' id='line_1_34' title="bbox 294 2489 1521 2544; baseline 0.002 -14"><span class='ocrx_word' id='word_1_274' title='bbox 294 2519 296 2522; x_wconf 33' lang='lat' dir='ltr'>v</span> <span class='ocrx_word' id='word_1_275' title='bbox 367 2489 569 2541; x_wconf 86' lang='grc' dir='ltr'><strong><em>Σωκράτης</em></strong></span> <span class='ocrx_word' id='word_1_276' title='bbox 604 2490 770 2531; x_wconf 73' lang='grc' dir='ltr'><strong><em>διδάσκει</em></strong></span> <span class='ocrx_word' id='word_1_277' title='bbox 801 2490 943 2538; x_wconf 84' lang='grc' dir='ltr'><strong><em>πάντες</em></strong></span> <span class='ocrx_word' id='word_1_278' title='bbox 972 2493 1222 2535; x_wconf 82' lang='grc' dir='ltr'><strong><em>παντάπασιν</em></strong></span> <span class='ocrx_word' id='word_1_279' title='bbox 1249 2493 1521 2544; x_wconf 74' lang='grc' dir='ltr'><strong><em>διαφθαρήσον-</em></strong></span> 
     </span>
     <span class='ocr_line' id='line_1_35' title="bbox 367 2558 888 2615; baseline 0.004 -17"><span class='ocrx_word' id='word_1_280' title='bbox 367 2573 432 2599; x_wconf 82' lang='grc' dir='ltr'><strong><em>ται</em></strong></span> <span class='ocrx_word' id='word_1_281' title='bbox 460 2558 536 2615; x_wconf 85' lang='lat' dir='ltr'><strong>leg.</strong></span> <span class='ocrx_word' id='word_1_282' title='bbox 567 2558 888 2610; x_wconf 77' lang='grc' dir='ltr'><strong><em>διαφθαρήσοιντο.</em></strong></span> 
     </span>
    </p>
   </div>
  </div>
 </body>
</html>
