1836 3085
878 204 928 260 32

325 318 486 370 πασσυδὶ
517 327 563 365 Η.
578 310 626 365 Β..
956 323 1191 371 σεσαγμένος
1221 325 1265 365 B.

324 394 500 445 πελάζειν
528 393 568 433 C.
583 393 630 432 A.
683 382 687 386 ”
926 390 1031 434 *σιὸς
1049 378 1106 431 Ἀ.
1124 392 1171 432 Η.

320 462 494 502 πένεσθαι
523 461 569 500 A.
585 460 629 499 Β.
758 506 762 510 ὁ
958 464 1128 508 στοιχεῖν
1156 459 1196 500 C.
1212 450 1257 501 Β.

291 529 515 569 *πεπᾶσθαι
545 527 585 567 G.
601 527 647 568 A.
959 525 1104 574 ταγεία
1132 527 1179 567 H.

289 596 511 646 *πορσύνειν
540 596 580 635 C.
960 593 1176 645 ὑπαντιαζω
1205 595 1246 635 C.
1260 595 1308 635 A.

318 664 474 704 σαττειν
505 663 548 702 Β.
909 670 912 671 ’
960 662 1217 709 ὑποθημοσύνῃ
1246 663 1295 702 Μ.

320 734 502 781 σαώτερος
535 730 575 771 C.
990 777 1003 796 Ι

334 869 360 906 4
798 811 913 851 CAP.
951 812 1001 850 11.
1061 807 1064 810 ’

283 934 566 983 Ἀναξίβιος-δ’
594 924 747 982 ἔχαιρεν
775 933 919 975 ἁκούων
944 932 1244 982 διαφθειρόμενον
1270 934 1316 975 τὸ
1342 933 1527 983 στράτευ-

286 1017 359 1051 μα·
407 1001 547 1041 τούτων
586 1000 663 1049 γὰρ
703 1000 933 1048 γιγνομένων
961 999 1049 1049 ᾤετο
1089 999 1268 1047 μάλιστα,
1303 1000 1528 1052 χαρίζεσθαι

284 1069 534 1120 Φαρναβάζῳ.

363 1141 421 1178 Ex
451 1139 559 1178 Doct.
591 1138 639 1176 R.
662 1137 705 1178 B.
735 1135 912 1188 Hirschig
939 1136 1124 1175 sententia
1151 1136 1189 1176 h.
1215 1137 1250 1176 1.-
1271 1135 1528 1189 expungenda

368 1212 458 1246 sunt
483 1204 672 1245 vocabula
699 1203 998 1253 διαφθειρόμενον
1034 1204 1076 1243 τὸ
1109 1203 1357 1253 στράτευμα,
1396 1209 1528 1256 utpote

366 1288 465 1326 quae
492 1273 602 1313 nulla
634 1272 805 1319 Graecae
828 1271 1117 1310 constructionis
1143 1272 1291 1312 ratione
1317 1271 1445 1312 habita
1470 1277 1526 1313 te-

363 1355 469 1381 mere
491 1341 531 1379 in
559 1346 707 1381 textum
730 1345 821 1381 sunt
847 1339 1008 1382 invecta.
1065 1340 1146 1378 Hae
1173 1345 1301 1380 autem
1322 1339 1364 1378 in
1391 1353 1434 1378 re
1453 1351 1527 1380 er-

365 1407 573 1449 rare.mihi
599 1400 750 1450 videtur
776 1407 847 1448 Vir
870 1407 976 1446 Doet.
988 1421 998 1454 ;
1028 1420 1151 1457 ,quum
1179 1407 1274 1446 haec
1296 1407 1529 1447 constructio

366 1475 475 1517 verbi
497 1474 645 1526 χαίρειν
671 1487 761 1516 cum
778 1473 981 1526 Participio
1002 1473 1055 1513 ita
1077 1472 1253 1513 solemnis
1276 1474 1341 1523 sit,
1371 1479 1415 1514 ut
1430 1487 1527 1514 non-

366 1544 467 1583 nulli
496 1558 530 1584 e.
554 1557 587 1582 c-
602 1542 821 1584 Brunckius
844 1548 881 1583 et
903 1542 983 1587 alii,
1013 1541 1060 1580 de
1087 1541 1209 1593 ellipsi
1235 1542 1342 1583 verbi
1363 1542 1526 1586 ἀκούων,

369 1612 454 1660 ὁρῶν
477 1617 548 1650 etc.
573 1609 837 1663 cogitaverint.
894 1608 949 1647 Cf.
976 1609 1095 1660 Toup.
1121 1608 1262 1660 opusc.
1284 1610 1335 1648 ΙΙ.
1365 1623 1403 1661 p.
1426 1610 1526 1657 214;

367 1680 407 1718 in
435 1678 592 1718 Suidam
620 1678 689 1720 ΙΙΙ.
718 1691 757 1729 Ρ.
781 1676 883 1724 371,
911 1676 1079 1716 Boisson.
1097 1676 1205 1733 ⁴Phil.
1236 1690 1273 1728 p.
1300 1676 1377 1717 307
1406 1682 1445 1716 et
1469 1676 1527 1716 in-

365 1747 497 1799 primis
524 1745 708 1788 Valcken.
734 1743 784 1784 ad
805 1743 947 1787 Phoen.
977 1757 1015 1795 p.
1041 1743 1131 1791 267,
1162 1743 1228 1795 qui
1252 1743 1305 1782 ibi
1332 1742 1527 1796 fragmen-

366 1821 449 1854 tum
476 1812 667 1866 Euripidis
694 1812 828 1860 affert,
857 1811 911 1853 sie
938 1811 1123 1864 scriptum

503 1922 613 1962 Χαίρω
639 1919 682 1954 τέ
705 1917 750 1957 α’,
777 1915 800 1951 ὦ
826 1918 1014 1960 βέλτιστον
1040 1915 1232 1960 Ἀλκμήνης
1258 1918 1376 1957 τέκος,

504 1981 683 2028 [ἐλθθντοι]
709 1982 768 2017 τὶν
793 1978 832 2015 δὲ
855 1981 969 2024 μιαρὸν
993 1978 1216 2035 ἔξολωλότα,

367 2082 406 2120 in
440 2094 517 2133 quo
544 2086 693 2128 tamen,
724 2084 769 2118 ut
799 2078 873 2118 hoc
895 2078 1016 2117 obiter
1042 2091 1240 2134 moneam,
1269 2075 1527 2130 supplendum

366 2149 517 2188 videtur
544 2148 710 2188 σωθέντα
738 2162 817 2187 non
845 2147 1016 2186 ἐλθόντα.

421 2217 559 2256 Nostro
594 2215 715 2270 igitur
749 2214 835 2255 loco
870 2214 1015 2268 reiecta*
1049 2213 1253 2267 Hirschigii
1288 2213 1527 2263 coniectura,

368 2292 462 2338 puto
490 2285 661 2338 expungi
687 2283 826 2330 debere
853 2283 1017 2329 ἀκούωνς
1053 2282 1116 2323 vel
1143 2281 1246 2335 quod
1271 2283 1312 2323 in
1339 2283 1423 2327 aliis
1450 2283 1528 2327 edi-

366 2352 531 2400 tionibus
560 2352 703 2405 legitur
730 2351 872 2391 ἆκούων
899 2353 1041 2391 ταῦτα.
1396 2338 1403 2345 ’

287 2424 304 2474 §
336 2422 372 2461 ⁵-
914 2471 916 2473 ,

287 2489 536 2530 Ἀποπλέοντι
564 2489 596 2529 δ’
615 2487 822 2538 Ἀναξιβίῳ
848 2488 889 2532 ἐκ
917 2474 1120 2538 Βυζαντίου
1139 2491 1307 2539 συναντᾷ
1330 2486 1529 2538 Ἀρίσταρ-

289 2573 358 2607 χος
385 2560 420 2597 ἐν
438 2558 581 2609 Κυζίκῳ
602 2557 777 2606 διάδοχος
799 2555 1018 2605 Κλεάνδρῳ,
1047 2556 1249 2607 Βυζαντίου
1271 2557 1303 2595 δ’
1321 2554 1529 2605 ἁρμοστής·
