1836 3085
898 245 950 283 42

382 366 687 421 Expungendum
719 373 776 406 est
802 368 946 417 αὐτῶν,
984 379 1105 418 quum
1137 378 1349 419 pronomen
1377 371 1417 409 in
1445 370 1536 411 tah-

381 436 450 475 bus
481 446 505 473 a
539 433 696 474 Graecis
727 433 972 487 scriptoribus
1004 445 1083 487 non
1110 433 1286 475 addatur.
1344 435 1407 475 Sic
1433 443 1538 478 recte

377 501 520 554 legitur
541 515 574 541 e.
591 515 624 541 c.
648 502 689 541 in
717 500 838 541 Anab.
868 502 934 542 IV.
961 502 1004 549 8,
1030 500 1067 542 5.
1097 501 1129 541 οἱ
1149 503 1181 542 δ’
1202 500 1305 541 εἷπον
1326 503 1544 551 bmnium.

376 582 439 613 τος
466 568 523 609 ὅτι
546 568 764 620 Μάκρωνες.
799 567 854 610 cf.
880 581 998 622 porro
1020 568 1168 611 Hellen.
1184 571 1251 613 IV.
1270 571 1311 619 1,
1330 569 1393 611 13.
1410 570 1453 618 2,
1472 571 1535 612 12.

379 643 418 676 et
444 636 519 677 loci
545 651 661 690 supra
698 635 761 690 [ad
787 638 837 677 11.
858 638 904 685 5,
930 638 1014 691 24.]
1047 652 1072 678 a
1097 652 1159 679 me
1186 638 1343 679 laudati.
1394 639 1537 678 Emen—

377 704 460 745 dari
481 705 619 745 debent
644 703 765 745 Anab.
790 706 865 760 ΠΙ.
896 706 938 754 1,
968 708 1007 747 2.
1037 705 1125 747 ὥστ’
1153 707 1305 754 εὔδηλον
1330 703 1372 753 ἦν
1400 703 1457 746 ὅτι
1485 720 1536 746 νι-

375 775 511 816 κῶντες
530 772 600 819 μὲν
623 772 698 811 οὐδ’
721 772 769 812 ἂν
795 771 863 813 ἕνα
887 774 1089 824 φεύγοντα
1109 775 1395 819 κατακαίνοιεν,
1420 775 1535 820 ἥττη-

372 838 504 878 θέντων
531 839 563 878 δ’
586 841 710 880 αὐτῶν
740 840 858 885 οὐδεὶς
880 840 928 881 ἂν
954 842 1126 892 λειφθείη
1156 855 1243 894 exp.
1272 843 1415 887 αὐτῶνς
1445 840 1535 880 ibid.

373 906 417 954 3,
444 907 480 946 6.
519 909 559 946 οὐ
597 910 695 948 πολὺ
723 910 761 949 δὲ
797 910 1098 958 προεληλυθότων
1132 912 1256 949 αὐτῶν
1290 909 1535 960 ἐπιφαίνεται

372 973 491 1012 πάλιν
522 975 539 1012 ὅ
569 975 802 1024 Μιθριδάτης
829 991 914 1028 exp.
947 978 1091 1022 αὐτῶν;
1123 977 1271 1017 Hellen.
1300 978 1367 1019 IV.
1401 978 1444 1016 2.
1471 976 1534 1016 13.

372 1040 620 1089 ἐμβαλόντων
656 1043 688 1083 δ’
715 1045 839 1083 αὐτῶν
877 1044 982 1084 κατα
1020 1045 1087 1090 τὴν
1130 1042 1344 1085 ἘπιεικΙαν
1383 1044 1426 1083 τὸ
1465 1043 1535 1091 μὲν

370 1112 511 1159 πρῶτον
541 1111 621 1150 κτὲ.
652 1125 738 1164 exp.
767 1113 904 1152 αὐτῶν.

290 1180 308 1229 §
341 1179 378 1218 7.

291 1246 341 1284 Οἱ
370 1246 403 1285 δ’
426 1247 733 1296 ὀπισθοφύλακες
760 1252 833 1287 τῶν
861 1250 1052 1294 Ἑλλήνων
1080 1247 1255 1297 ἔπασχον
1286 1249 1356 1295 μὲν
1383 1250 1535 1291 κακῶς,

288 1313 507 1353 ἀντεποίουν
543 1313 575 1353 δ’
610 1314 727 1355 οὐδέν·
768 1314 806 1355 οἵ
833 1330 877 1355 τε
909 1315 985 1366 γὰρ
1022 1319 1163 1365 Κρῆτες
1201 1315 1429 1365 βραχύτερα
1463 1317 1535 1353 τῶν

288 1385 437 1429 Περσῶν
471 1381 638 1428 ἐτόξευον
674 1383 738 1421 καὶ
777 1382 866 1430 ἅμα
900 1382 1006 1431 ψιλοὶ
1045 1383 1148 1427 ὄντες
1184 1384 1270 1422 εἵσω
1302 1387 1374 1422 τῶν
1410 1380 1534 1422 ὅπλων

291 1446 582 1487 κατεκέκλειντο
609 1449 689 1487 κτὲ.

374 1515 627 1557 Scribendum
661 1517 938 1568 κατεκέκλῃντο
978 1531 1076 1570 quae
1115 1517 1240 1558 forma
1274 1517 1408 1557 Atticis
1445 1515 1536 1556 scri-

374 1584 546 1636 ptoribus
571 1584 727 1636 placuit.
770 1586 833 1624 Sic
860 1586 973 1624 etiam
1001 1587 1133 1624 Herm.
1155 1586 1196 1624 in
1220 1585 1335 1623 Aiace
1357 1598 1411 1623 vs.
1430 1584 1535 1623 1253

373 1665 445 1704 pro
493 1651 647 1706 vulgari
692 1652 1004 1701 ἐγκεκλειμένους
1055 1652 1136 1706 [alii
1176 1649 1531 1704 ἐγκεκλεισμένους]

372 1720 521 1771 scripsit
547 1721 861 1770 ἐγκεκλημένους.
898 1722 960 1760 Sic
979 1721 1135 1760 Goeller
1152 1721 1192 1759 in
1214 1719 1386 1772 Thucyd.
1403 1721 1450 1761 V.
1468 1719 1533 1759 83.

371 1786 490 1827 edidit
516 1787 759 1842 κατέκλῃσαν
788 1794 860 1828 etc.
903 1787 958 1827 Cf.
988 1801 1105 1841 porro
1126 1802 1154 1827 s.
1172 1801 1209 1840 p.
1239 1789 1344 1827 Rost.
1370 1787 1441 1827 Gr.
1464 1787 1534 1826 Gr.

373 1869 411 1907 p.
454 1855 555 1903 3103
607 1855 758 1895 Emslei.
796 1855 845 1895 ad
886 1857 998 1895 Herc.
1042 1856 1116 1895 fur.
1159 1870 1213 1895 vs.
1252 1855 1352 1902 729,
1394 1854 1533 1895 Bacch.

377 1922 473 1969 652,
506 1923 625 1963 1299.

293 1992 312 2041 §
344 1992 406 2030 18.
1206 2029 1210 2033 .

287 2056 363 2097 Ἢν
393 2054 455 2097 οὖν
488 2059 611 2097 αὐτῶν
638 2058 934 2107 ἐπισκεψώμεθα
969 2058 1067 2101 τίνες
1096 2058 1292 2097 πέπανται
1324 2055 1532 2106 σφενδόνας

290 2126 355 2164 καὶ
387 2126 528 2165 τούτων
557 2126 609 2174 τῷ
635 2126 706 2173 μὲν
734 2128 856 2165 αὐτῶν
883 2126 1056 2175 ἀργύριον
1085 2127 1225 2173 δῶμεν,
1262 2125 1315 2174 τῷ
1347 2125 1379 2164 δ’
1403 2122 1532 2169 ἄλλοις

290 2193 447 2234 πλέκειν
477 2193 638 2233 ἐθέλοντι
669 2193 768 2233 ἄλλο
798 2194 971 2244 ἀργύριον
1005 2197 1195 2242 τελῶμεν,
1233 2193 1297 2232 καὶ
1330 2193 1383 2241 τῷ
1414 2194 1532 2242 σφεν-

292 2264 399 2301 δονᾶν
440 2262 706 2311 ε’ντεταγμένῳ
741 2263 901 2302 ἐθέλοντι
935 2262 1059 2308 ἄλλην
1091 2264 1162 2301 τιν’
1198 2262 1378 2301 ἀτέλειαν
1412 2259 1531 2309 εὑρίσ-

293 2343 415 2377 κωμεν
444 2329 524 2368 κτὲ.
1294 2328 1296 2330 ’

372 2397 555 2435 Eiieiatur
569 2397 753 2448 posterius
766 2397 926 2435 ἐθέλοντι
946 2411 967 2435 e
981 2396 1156 2448 praeced.
1171 2397 1298 2448 inepte
1311 2396 1530 2448 repetitum.

293 2466 311 2514 §
342 2464 404 2505 19.

293 2533 388 2580 Ὀρῶ
416 2531 455 2572 δὲ
482 2532 547 2572 καὶ
574 2530 711 2575 ἵππους
741 2532 777 2570 ἐν
807 2533 859 2582 τῷ
887 2532 1151 2581 στρατεύμασι
1180 2532 1315 2576 ὄντας,
1342 2531 1430 2573 τοὺς·
1460 2529 1532 2577 μέν

294 2613 399 2644 τινας
427 2602 517 2649 παρ’
539 2601 643 2649 ἐμοὶ,
671 2600 757 2645 τοὺς
782 2601 820 2640 δὲ
844 2602 900 2650 τῷ
920 2588 1109 2651 Κλεάρχῳ
1127 2597 1528 2646 καταλελειμμένους,
