1836 3123
890 192 940 230 49

293 317 312 367 §
343 317 406 357 26.

291 386 464 426 Ἐνταῦθ’
486 386 601 426 ἐδόκει
628 386 948 434 συγκαλέσαντας
979 385 1176 433 λοχαγοὺς
1203 384 1266 423 καὶ
1296 383 1524 426 πελταστάς

288 454 351 493 καὶ
376 458 447 494 τῶν
472 456 634 494 ὁπλιτῶν
662 454 791 502 λέγειν
819 469 862 494 τε
884 454 936 493 τὰ
959 451 1131 501 παρόντα
1155 452 1218 490 καὶ
1245 454 1384 501 ε’ρωτὶὶν
1411 452 1447 492 εἴ
1464 467 1523 494 τις

286 522 407 570 αὐτῶν
437 521 539 560 ἐστὶν
566 519 668 565 ὅστις
695 522 787 569 ἀνὴρ
812 522 957 569 ἀγαθὸς
987 519 1105 559 ἐθέλει
1136 519 1310 566 γενέσθαι
1339 520 1403 558 καὶ
1431 521 1521 559 ὑπο-

283 590 380 634 στὰς
407 589 599 634 ἐθελοντὴς
628 587 860 637 πορεύεσθαι.

362 658 408 695 In
444 655 569 694 verbis
600 658 672 693 τῶν
705 654 868 694 ὁπλιτῶν
901 654 1120 708 corruptela
1149 654 1268 693 latere
1296 654 1390 693 mihi
1417 654 1519 694 vide-

310 737 314 742 ’
361 730 442 763 tur:
481 722 638 762 fortasse
673 721 813 763 excidit
842 721 947 766 τινάς
985 722 1048 762 vel
1078 722 1200 762 simile
1236 720 1340 775 quid.
1399 723 1449 762 Ut
1476 730 1519 761 ut

360 796 417 829 est
437 790 542 830 hunc
569 790 698 830 locum
725 790 827 833 Viris
854 804 916 830 me
942 790 1175 830 acutioribus
1202 789 1439 830 commendo.

279 860 298 908 ᾗ
328 858 391 897 27.

278 924 535 975 ’Τφίστανται
573 929 645 966 τῶν
681 926 750 973 μὲν
782 925 944 965 ὁπλιτῶν
987 925 1259 975 Ἀριστώνυμος
1292 925 1516 974 Μεθυδριεὺς

278 993 416 1041 Ἀρκὰς
447 993 514 1033 καὶ
540 993 734 1041 Ἀγασίας
767 992 1023 1042 Στυμφάλιος
1052 992 1205 1042 Ἀρκάς.
1245 993 1517 1032 Ἀντιστασιά-

276 1061 344 1109 ζων
368 1061 400 1099 δ’
428 1062 556 1104 αὐτοῖς
581 1060 841 1109 Καλλίμαχος
860 1060 1095 1108 Παρράσιος,
1125 1059 1266 1109 Ἀρκὰς
1291 1060 1356 1098 καὶ
1387 1057 1513 1103 οὗτος,

274 1127 349 1179 ἔφη
384 1128 520 1169 ἐθέλειν
553 1128 773 1178 πορεύεσθαι
804 1127 1031 1177 προσλαβὼν
1066 1127 1263 1171 ἐθελοντὰς
1296 1128 1339 1166 ἐκ
1373 1128 1515 1172 παντὸς

272 1199 339 1234 τοῦ
369 1196 675 1244 στρατεύματος.
1169 1191 1173 1194 ’

351 1263 606 1316 Expungatur
640 1268 700 1301 ter
731 1262 935 1315 repetitum
962 1262 1102 1311 Ἀρκὰς
1135 1262 1190 1301 uti
1222 1269 1260 1302 et
1296 1262 1360 1302 καὶ
1394 1259 1510 1306 οὗτος.

353 1330 457 1370 Illud
492 1330 630 1370 addere
657 1344 778 1382 aeque
805 1330 1015 1371 absurdum
1042 1337 1099 1369 est
1124 1344 1170 1370 ac
1193 1331 1225 1370 si
1251 1331 1336 1382 quis
1362 1331 1513 1371 Batavis

352 1397 535 1446 scribens,
556 1403 715 1451 poneret
731 1411 764 1437 e.
780 1410 813 1437 c.
837 1398 883 1437 Ν.
898 1398 944 1437 Ν.
966 1396 1323 1436 Amstelodamensis
1347 1412 1395 1437 ex
1417 1398 1510 1437 Hol-

351 1466 480 1506 landia
506 1465 802 1519 Septentrionali
820 1472 892 1507 etc.
934 1467 1052 1506 Recte
1074 1465 1179 1505 abest
1200 1480 1233 1506 e.
1251 1480 1284 1506 c.
1304 1466 1370 1507 IV.
1389 1466 1430 1514 6,
1445 1467 1507 1506 20.

351 1535 393 1573 ἐκ
427 1534 558 1574 τούτου
591 1533 863 1583 Ἀριστώνυμος
895 1533 1121 1583 Μεθυδριεὺς
1158 1532 1314 1582 ἔρχεται
1347 1533 1509 1577 ὁπλίταις

348 1601 446 1650 ἔχων
478 1602 557 1640 κτὲ.
602 1600 659 1641 Cf.
687 1615 805 1653 porro
825 1602 871 1649 4,
899 1602 961 1641 15.
994 1602 1057 1641 19.
1090 1603 1125 1648 7,
1153 1603 1190 1641 8.
1213 1602 1248 1641 9.
1278 1602 1340 1640 11.
1366 1601 1416 1641 13
1440 1609 1511 1642 etc.

348 1667 659 1721 Expungendum
688 1668 799 1708 etiam
829 1674 885 1707 est
911 1667 977 1709 IV.
1007 1668 1050 1715 3,
1081 1668 1145 1707 21.

779 1803 893 1843 CAP.
932 1805 983 1843 ΙΙ.

265 1874 284 1924 §
314 1874 351 1912 8.

266 1941 315 1979 Οἱ
347 1940 378 1979 δ’
399 1940 505 1990 ἀμφὶ
537 1941 772 1990 Χειρίσοφον,
801 1941 1033 1983 ἀκούσαντες
1061 1944 1129 1984 τῆς
1162 1939 1406 1987 σάλπιγγος,
1445 1941 1505 1978 εύ-

264 2009 326 2052 θὺς
364 2007 460 2048 ἵεντο
495 2008 570 2048 ἄνω
610 2008 713 2048 κατὰ
752 2008 820 2054 τὴν
859 2007 1029 2058 φανερὰν
1069 2007 1162 2046 ὁδόν·
1207 2006 1318 2046 ἄλλοι
1354 2006 1393 2045 δὲ
1431 2011 1503 2045 τῶν

263 2076 486 2125 στρατηγῶν
514 2076 602 2115 κατ’
628 2075 801 2124 ἀτριβεῖς
828 2075 928 2119 ὃδοὺς
958 2074 1170 2125 ἐπορεύοντο
1198 2073 1221 2124 ᾖ
1249 2073 1385 2122 ἔτυχον
1411 2072 1511 2113 gna-¹

262 2157 363 2188 στοι,
401 2144 465 2183 καὶ
497 2141 715 2191 ἀναβάντες
750 2144 796 2187 ὡς
825 2143 999 2182 ἐδύναντο
1025 2141 1166 2190 ἀνίμων
1196 2142 1389 2189 ἀλλήλους
1421 2148 1502 2187 τοῖςι

261 2209 421 2259 δόρασιν.

339 2274 519 2328 Νοιιιίιίει,
558 2294 656 2333 quae
686 2280 867 2321 dicuntur
881 2311 891 2329 ,
929 2279 1146 2329 collectiva,
1181 2280 1385 2333 requirunt
1415 2288 1499 2333 post

340 2360 380 2386 se
415 2346 577 2388 verbum
612 2349 653 2390 in
684 2347 828 2401 plurali
857 2347 922 2388 sed
947 2348 1029 2400 ipsa
1055 2349 1096 2388 in
1122 2348 1308 2402 singulari
1333 2362 1498 2388 numero

339 2414 431 2467 poni
449 2413 598 2456 debent.
628 2416 683 2457 Cf.
704 2415 878 2469 exempla
897 2415 1057 2457 collecta
1076 2429 1099 2457 a
1116 2416 1245 2456 Matth.
1262 2430 1296 2461 o.
1313 2415 1339 2456 l.
1355 2430 1392 2468 p.
1404 2417 1496 2457 764.

339 2482 399 2522 Ad
425 2496 471 2523 ea
496 2479 623 2523 autem
650 2485 815 2537 pertinet
839 2484 953 2524 etiam
980 2483 1157 2529 ἕκαστος,
1189 2498 1266 2537 quo
1294 2498 1384 2524 cum
1410 2485 1496 2537 plu-

342 2550 413 2592 rali
440 2551 515 2592 iam
543 2551 665 2593 utitur
687 2553 877 2594 Homerus
903 2566 935 2593 e.
954 2567 985 2594 c.
1012 2552 1145 2607 Odyss.
1176 2552 1315 2594 XVIII.
1338 2567 1374 2594 v.
1406 2554 1496 2593 428.

694 2635 695 2638 ¹
1261 2623 1286 2659 4
