1836 3085
903 226 952 264 68

393 348 553 386 Ratione
587 346 715 401 hlabita
751 359 885 387 eorum
919 360 1016 400 quae
1050 348 1197 400 scripsit
1229 349 1335 390 Doot.
1371 352 1548 405 Hirschig

392 414 440 453 ad
475 414 597 454 Anab-
631 416 662 456 Ι.
698 416 735 457 2.
768 417 787 467 §
821 416 884 456 17.
922 406 1194 470 expungantur
1234 416 1422 458 vocabula
1457 421 1547 467 ἡμῖν

392 482 603 532 φαίνωνται
631 484 857 526 ἀδικοῦντες.

314 553 331 603 §
363 551 399 591 6.

315 622 448 666 Ὑμεῖς
474 620 505 659 δ’
530 617 571 659 εὖ
600 620 683 658 ἴστε
712 619 833 664 δήπου’
863 619 992 659 ὁπόθεν
1019 621 1036 659 ὅ
1067 621 1167 667 ἥλιος
1197 620 1348 669 ἀνίσχει
1377 621 1442 659 καὶ
1467 619 1549 660 ὅποι

315 687 461 727 δύεται·
497 687 561 726 καὶ
598 684 676 732 ὅτι,
714 687 781 727 ἐὰν
817 686 888 736 μέν
925 702 984 732 τις
1024 690 1077 733 εἰς
1114 690 1182 734 τὴν
1214 688 1390 728 Ἑλλάδα
1424 687 1550 739 με’λλιρ

314 755 426 799 ἰέναι,
456 755 544 803 πρὸς
572 754 733 804 ἑσπέραν
761 755 821 796 δεῖ
845 756 1078 806 πορεύεσθαι·
1105 757 1171 796 ἐὰν
1200 757 1238 797 δέ
1272 772 1330 801 τις
1360 756 1548 804 βούληται

313 824 364 865 εἷς
393 822 479 866 τοὺς
506 822 727 873 βαρβάρους
755 824 973 872 τοῦμπαλιν
1000 824 1090 873 πρὸς
1117 823 1176 863 ἔω.

395 891 481 931 Non
508 897 633 943 potest
658 890 733 931 diei
759 892 996 940 πορεύεσθαι,
1026 891 1119 931 ἱέναι
1150 891 1368 940 τοῦμπαλιν
1387 898 1459 933 etc.
1488 892 1552 932 sed

396 959 608 998 necessario
633 958 845 1010 requiritur
870 959 1097 1011 praepositio
1123 959 1189 1003 εἷς.
1245 959 1309 998 Sic
1334 958 1432 998 bene
1452 959 1552 1013 legi·

395 1033 461 1064 tur
483 1026 522 1064 in
549 1025 672 1065 Anab.
693 1026 760 1067 IV.
785 1026 830 1073 3,
857 1027 921 1066 21.
952 1027 1001 1065 Οἱ
1028 1026 1067 1065 δὲ
1089 1025 1281 1077 πολέμιοι,
1309 1025 1460 1075 ὁρῶντες
1482 1027 1552 1074 μὲν

394 1094 480 1138 τοὺς
506 1094 613 1144 ἀμφὶ
647 1093 867 1144 Χειρίσοφον
893 1088 1060 1138 εὐπετῶς
1086 1094 1129 1133 τὸ
1158 1093 1248 1143 ὕδωρ
1275 1094 1550 1143 διαπερῶντας.

394 1163 545 1211 ὁρῶντες
582 1162 619 1201 δὲ
653 1162 739 1205 τοὺς
776 1162 882 1212 ἀμφὶ
919 1163 1142 1212 Ξενοφῶντα
1172 1162 1321 1206 θέοντας
1353 1162 1405 1206 εἷς
1436 1162 1552 1209 τοῦμ-

393 1240 512 1270 παλιν
538 1232 618 1270 κτὲ.
676 1230 732 1271 Cf.
761 1243 879 1282 porro
909 1230 941 1287 I:
966 1233 1014 1278 4,
1041 1229 1109 1278 15,
1138 1231 1208 1270 III.
1234 1230 1280 1277 5,
1312 1229 1385 1275 13„
1412 1230 1551 1283 Cyrop.

393 1300 497 1338 VIII.
528 1299 574 1345 4,
600 1298 652 1337 32
678 1304 772 1337 etos
805 1299 943 1337 Nostro
969 1298 1089 1351 igitur
1115 1297 1202 1337 loco
1229 1297 1472 1336 scribendum
1499 1303 1556 1336 est

395 1365 447 1408 εἷς
476 1363 708 1411 τοῦμπαλιν.
752 1364 841 1403 Pari
862 1362 977 1403 modo
999 1363 1217 1417 corrigendi
1239 1369 1328 1403 sunt
1345 1362 1466 1403 Anab.
1486 1364 1552 1404 VI.

394 1434 437 1479 4,
468 1432 533 1470 38.
572 1430 694 1477 ἔδοξεν
731 1433 861 1474 αὐτοῖς
891 1431 1110 1478 τοῦμπαλιν
1144 1431 1460 1479 ὑποστρέψαντας
1491 1431 1553 1469 ε’λ-

396 1501 470 1539 θεῖν
508 1498 588 1538 κτὲ.
625 1497 702 1552 leg.
739 1499 791 1542 εἰς
831 1498 1075 1546 τοῦμπαλιν;
1114 1499 1252 1551 Cyrop.
1282 1499 1387 1540 VIII.
1417 1498 1460 1546 4,
1489 1497 1554 1538 32.

396 1567 477 1615 ἐμοὶ
507 1567 545 1606 δὲ
579 1567 765 1611 δοκοῦσιν,
796 1565 889 1617 ἔφη,
917 1563 1014 1606 οὗτοι
1043 1566 1262 1614 τοῦμπαλιν
1288 1563 1331 1605 οὗ
1350 1566 1554 1614 βούλονται

394 1634 623 1684 ἐφέλκεσθαι
644 1632 807 1673 addatur
829 1634 902 1678 εἰςς
932 1633 1082 1673 Hellen.
1109 1634 1160 1673 H.
1182 1634 1224 1681 1,
1250 1635 1314 1673 27.
1345 1633 1556 1673 ἀποπλέον-

393 1707 465 1745 τας
495 1702 715 1749 τοῦμπαλιν
747 1703 838 1750 παρ’
868 1702 982 1741 αὐτὸν
1010 1697 1100 1750 ἆραι
1132 1697 1290 1741 ἀσπίδα
1307 1701 1411 1740 κατα
1437 1701 1555 1750 ,μέσον

394 1771 458 1809 τὸν
492 1771 611 1809 πλοῦν
644 1768 729 1809 add.
764 1770 836 1814 εἶς;
866 1768 956 1808 ibid.
986 1769 1053 1810 IV.
1079 1769 1122 1816 4,
1151 1768 1214 1809 13.
1244 1768 1309 1808 καὶ
1340 1769 1377 1807 ἐν
1412 1767 1556 1812 τούτοις

393 1842 471 1881 τοῖς
511 1837 661 1885 τείχεσι
707 1837 962 1882 καταστήσας
1005 1835 1170 1885 φρουρὰς
1209 1835 1427 1883 τοῦμπαλιν
1470 1836 1556 1874 ε’πο-

397 1905 522 1953 ρεύετο
552 1904 649 1943 adde
676 1905 743 1947 εἶς.
787 1903 862 1943 Sic.
892 1904 932 1942 in
959 1902 1074 1942 Arist.
1104 1902 1253 1942 Thesm.
1282 1916 1337 1942 vs.
1363 1904 1479 1942 1224.

559 2010 635 2055 τῃδὶ
660 2009 788 2055 διῶξει;
815 2010 1010 2053 τοῦμπαλιν
1035 2011 1173 2054 τρέχεις
1197 2010 1239 2043 σύ
1264 2022 1327 2053 γε,

396 2107 639 2149 scribendum
676 2107 818 2155 διώξεις
854 2110 884 2152 ’ς
920 2107 1141 2157 τοῦμπαλιν
1177 2107 1257 2147 κτὲ.
1310 2106 1374 2146 Sic
1398 2105 1439 2146 in
1465 2107 1555 2146 Eur.

362 2183 364 2185 ’
399 2177 552 2230 Hippol.
589 2190 644 2223 vs,
681 2176 773 2216 390.
813 2175 993 2224 ἔμελλον,
1033 2175 1130 2215 ὥστε
1169 2175 1389 2223 τοῦμπαλιν
1427 2180 1557 2215 πεσεῖν

397 2248 541 2295 φρενῶν
567 2244 680 2286 scrib.
707 2242 795 2283 ὥστ’
827 2244 864 2287 ἐς
893 2243 991 2283 κτὲ.-

315 2317 334 2365 ς
366 2314 428 2353 29.
874 2305 877 2309 “

316 2382 519 2431 Ζήλαρχος
558 2380 628 2429 μὲν
659 2380 736 2430 γαρ
766 2365 783 2418 25
818 2378 1077 2429 ἀγορανόμος.
1116 2379 1148 2418 εἶ
1179 2378 1250 2426 μὲν
1276 2378 1403 2419 οὶδικεῒ
1429 2378 1556 2426 ὑμᾶς,

318 2450 467 2499 οἴχεται
500 2449 704 2489 ἀποπλέων
737 2449 777 2488 οὐ
812 2449 894 2492 δοὺς
932 2448 1021 2496 ὑμῖν
1055 2446 1172 2494 δίκην·
1207 2449 1238 2488 εἰ
1267 2448 1306 2488 δὲ
1333 2447 1388 2495 μὴ
1411 2447 1556 2490 ἀδικεῖ,

315 2517 458 2564 φεύγει
488 2517 531 2555 ἐκ
561 2519 627 2555 τοῦ
657 2515 960 2564 στρατεύματος.

401 2587 655 2638 Expungatur
696 2584 860 2625 alterum
901 2584 1036 2624 ἀδικεῖ.
1098 2585 1183 2624 Non
1223 2581 1319 2622 solet
1348 2581 1559 2634 Xenophon
