1836 3085
920 195 944 233 8

403 325 561 372 „autem
597 317 743 359 formae
773 318 814 357 in
846 330 946 356 ωσαν
982 322 1021 356 et
1052 314 1195 357 ἐτωσαν
1230 318 1355 370 prima
1389 319 1545 375 vestigia

404 389 475 438 „in
502 385 756 435 Archestrati,
785 385 852 438 qui
872 383 1081 425 Aristotelis
1099 384 1275 437 aequalis
1299 391 1402 435 erat,
1423 389 1545 428 versi-

402 454 503 505 „bus
524 454 627 508 apud
643 454 881 494 Athenaeum
901 452 1190 493 inveniuntur.”
1243 452 1320 506 Ipsi
1335 453 1451 494 etiam
1476 454 1546 495 ἤνθ-
1573 455 1576 458 ’

401 530 501 563 teres
526 522 773 563 Grammatici
798 521 874 561 hoe
899 527 1133 562 annotarunt
1158 535 1192 563 e.
1211 534 1245 562 e.
1271 520 1407 561 Moeris
1420 522 1546 569 ἀγόν-

398 587 497 637 ἔνων,
523 590 682 641 ᾀδόντων
712 588 878 627 Ἀττικοὶ
891 617 903 633 ,
932 588 1155 637 ἆγέτωσαν,
1183 588 1376 640 ᾀδέτωσαν
1401 587 1548 634 Ἕλλη-

402 673 483 704 νες;
511 670 628 710 porro
648 655 781 697 Thom.
796 656 896 710 Mag.
915 656 956 696 in
974 670 1068 697 voce
1093 657 1282 706 χρήσθωνς
1311 655 1479 697 Eusthat.
1493 655 1549 695 ἀεὶ

402 723 508 764 Iliad.
531 724 574 763 Β.
600 723 678 763 190
705 729 777 764 eto.
832 724 974 777 Ingens
999 729 1128 764 autem
1155 729 1211 764 est
1235 737 1419 764 numerus
1441 723 1549 764 loco-

402 804 512 838 rum,
542 790 610 843 qui
634 791 741 843 turpi
759 790 834 830 hoc
859 791 950 831 vitio
976 790 1101 832 adhuc
1122 791 1310 844 inquinati
1334 797 1435 833 sunt.
1490 792 1552 832 Sic

401 856 601 909 hueusque
633 855 777 910 legitur
809 857 850 896 in
890 856 1038 897 Hellen.
1070 858 1102 898 1.
1123 859 1179 908 ,7.
1210 858 1275 899 23.
1311 858 1551 908 κρινέσθωσαν

404 925 482 978 leg.
513 924 722 974 κρινέσθων,
763 925 801 964 in
828 925 967 977 Cyrop.
990 925 1076 967 VII.
1106 926 1148 974 2,
1180 926 1247 966 14.
1283 926 1552 976 παραλαμβα-

402 991 567 1030 νέτωσαν
595 990 672 1044 leg.
700 991 1103 1040 παραλαμβανόντωνς
1132 993 1177 1034 in.
1192 988 1310 1034 Thoe.
1331 994 1362 1034 Ι.
1383 993 1447 1033 34.
1476 1007 1553 1041 μα-

401 1059 566 1099 θέτωσαν
608 1058 685 1113 leg.
720 1057 927 1108 μαθόντων.
965 1060 1035 1100 ΙΠ.
1060 1059 1124 1100 67.
1163 1060 1451 1110 ὧφελείσθωσαν
1477 1061 1553 1115 leg.

402 1126 638 1177 ὠφελείσθων
673 1132 744 1166 ete.
800 1126 863 1166 Sic
893 1133 1025 1166 nostro
1049 1126 1136 1167 loco
1161 1126 1368 1181 legendum
1393 1134 1449 1168 est
1474 1129 1555 1167 ἑπι-

403 1192 588 1234 ardeam.
646 1193 703 1235 Cf.
726 1206 844 1248 porro
869 1193 1021 1234 Lobeok
1046 1193 1095 1235 ad
1121 1193 1264 1248 Phryn.
1289 1208 1327 1248 p.
1355 1194 1446 1236 361.

320 1262 416 1303 Ibid.

323 1329 432 1369 ἄλλα
466 1329 527 1378 μὰ
560 1329 646 1372 τοὺς
683 1328 783 1372 θεοὺς
813 1329 880 1368 οὐκ
914 1327 1035 1376 ἔγωγ’
1063 1329 1200 1373 αὐτοὺς
1238 1329 1351 1377 διώξω
1382 1330 1456 1372 οὐδ’
1485 1331 1560 1380 ἐρεῖ

322 1398 439 1443 οὐδεὶς
465 1399 514 1442 ὥς
543 1397 617 1445 ἐγὼ
646 1395 712 1441 ἕως
740 1397 810 1445 μὲν
838 1396 885 1437 ἂν
914 1403 1015 1448 παρῇ
1044 1411 1103 1442 τις
1130 1400 1284 1447 χρῶμαι
1312 1398 1394 1438 κτέ.

404 1467 594 1504 Futurum
634 1463 742 1503 verbi
775 1464 889 1503 διώκω
925 1477 1005 1504 non
1040 1470 1097 1504 est
1131 1465 1244 1512 διώξω
1282 1465 1348 1505 sed
1381 1465 1558 1514 διώξομαι

407 1531 511 1585 quod
537 1531 657 1586 igitur
683 1537 742 1571 est
767 1531 1043 1584 reponendum.
1099 1531 1289 1573 Probatur
1314 1532 1407 1575 locis
1430 1539 1559 1586 poeta-

406 1613 496 1639 rum
523 1614 556 1639 e.
582 1613 615 1639 c.
644 1600 769 1651 Equit.
796 1611 834 1638 v.
860 1599 953 1639 368.
983 1599 1162 1647 διώξομαί
1189 1615 1233 1639 σε
1258 1601 1415 1645 δειλίας.
1444 1615 1562 1653 porro

407 1679 444 1707 v.
477 1665 567 1706 969.
596 1665 695 1706 Nub.
720 1665 838 1707 1296.
866 1665 1015 1707 Thesm.
1043 1667 1148 1706 1224
1169 1672 1240 1708 ete.
1282 1667 1384 1707 Bene
1402 1668 1478 1709 iam
1500 1668 1560 1709 le-

407 1735 514 1787 gitur
546 1733 724 1781 διώξομαι
756 1734 897 1786 Cyrop.
925 1735 957 1774 I.
986 1734 1030 1782 3,
1061 1735 1125 1775 14.
1163 1736 1230 1777 IV.
1255 1736 1298 1783 1,
1325 1736 1388 1776 19.
1420 1736 1465 1784 3,
1495 1738 1560 1777 18.

409 1800 667 1855 Corrigendus
693 1807 750 1841 est
775 1800 883 1841 locus
908 1801 949 1840 in
969 1802 1064 1854 Cyr.
1088 1803 1155 1844 VI.
1184 1802 1227 1850 3,
1258 1802 1320 1842 13.

326 1871 344 1921 §
375 1870 412 1910 9.

329 1937 448 1976 Μετὰ
482 1939 612 1975 ταῦτα
642 1939 756 1984 Κῦρος
784 1935 976 1983 ἐξελαύνει
1008 1937 1200 1984 σταθμοὺς
1234 1937 1446 1986 τέσσαρας,
1486 1953 1561 1978 πα-

317 2003 540 2054 “ρ,ασ·οίγγας
574 2002 710 2044 εἴκοσιν
744 2003 805 2043 ἐπὶ
841 2003 904 2043 τὸν
932 2002 1058 2043 Χάλον
1091 2004 1285 2053 ποταμὸν,
1321 2003 1412 2045 ὄντα
1437 2006 1480 2046 τὸ
1503 2003 1562 2046 εὖ·

330 2086 388 2120 ρος
414 2071 591 2122 πλέθρου,
624 2072 748 2119 πλήρη
775 2070 807 2109 δ’
830 2066 967 2119 ἰχθύων
1001 2070 1184 2118 μεγάλων
1214 2072 1279 2111 καὶ
1310 2073 1473 2122 πραέων,
1502 2072 1561 2117 οὓς

330 2140 367 2179 οἱ-
402 2138 511 2190 Σύροι
545 2139 646 2184 θεοὺς
676 2137 839 2190 ἐνόμιζον
870 2138 934 2179 καὶ
967 2139 1109 2180 ἀδικεῖν
1144 2140 1210 2180 οὐκ
1238 2139 1338 2186 εἴων,
1377 2141 1458 2182 οὐδὲ
1490 2140 1562 2186 τὰς

328 2205 566 2256 περιστεράς.
1116 2229 1122 2235 ·

415 2273 529 2324 Quod
560 2272 608 2313 de
642 2272 719 2312 alio
749 2272 864 2312 huius
890 2272 979 2313 libri
1003 2273 1089 2314 loco
1114 2273 1209 2314 dixit
1233 2273 1344 2315 noct:
1357 2239 1564 2328 ‘Hirschig,

415 2340 464 2382 de
495 2340 569 2381 hoo
601 2340 715 2381 etiam
746 2339 950 2381 dicendum
977 2347 1044 2383 est.
1099 2341 1227 2384 Verba
1253 2342 1333 2383 οὐδὲ
1360 2342 1433 2387 τὰς
1462 2356 1564 2391 περι-

412 2408 551 2459 στερὰς
579 2409 751 2462 ineptum
778 2415 835 2450 est
860 2409 1159 2451 additamentum
1183 2411 1302 2464 quod,
1331 2423 1565 2464 quamquam

415 2476 529 2517 multi
559 2477 636 2517 iam
672 2476 870 2526 viderunt,
912 2492 1028 2519 nemo
1061 2478 1260 2534 hueusque
1290 2479 1418 2520 delere
1452 2492 1567 2518 ausus

413 2550 479 2586 est.
536 2545 737 2586 Praeterea
769 2545 1151 2589 'animadvertendum
1192 2554 1249 2588 est
1282 2547 1313 2586 si
1353 2545 1564 2600 Xenophon
