1836 3126
830 209 878 250 13

240 338 411 389 Ὀρόντην
446 339 529 379 οὔτε
567 327 735 378 τεθνεῶτ’
777 336 893 381 οὐδεὶς
930 335 1073 375 πώποτ’
1111 332 1221 375 εἶδεν·
1261 335 1406 386 εἴκαζον
1438 336 1469 375 δ’

240 405 351 446 ἄλλοι
377 405 519 450 ἄλλως.

318 474 511 514 Graecitas
545 471 713 525 postulat
746 469 881 519 καίπερ
911 467 1049 511 εἰδότες
1081 466 1137 530 ὅτι
1161 468 1228 513 την
1261 460 1470 521 [notissima

317 540 440 593 ellipsi
465 538 580 578 subet.
605 537 699 590 ὁδὸν]
726 536 788 575 ἐπὶ
815 534 963 585 θανάτῳ
985 534 1118 582 ἄγοιτο
1147 534 1251 586 quod
1275 535 1395 588 igitur
1412 541 1470 574 est

275 621 278 623 ·
317 605 592 660 reponendum.
649 603 829 644 Occurrit
853 617 887 644 e.
908 617 941 644 c.
970 602 1075 656 apud
1099 602 1254 642 Lucian.
1283 602 1323 641 in
1348 603 1469 642 Pseu-

318 675 420 714 dom.
454 672 527 726 (ed.
552 673 695 710 Hemst.
723 671 775 709 11.
798 683 836 721 p.
861 669 954 723 250)
987 671 1044 709 Σὺ
1071 669 1198 717 μέντοι
1222 671 1278 717 γ’,
1303 668 1329 708 ὦ
1357 670 1470 708 Ἀλέ-

317 741 472 789 ξανδρε,
510 740 573 779 τὸν
609 739 713 778 δεῖνα
746 736 1000 786 Παφλαγόνα
1026 741 1290 785 προσαγαγεῖν
1319 735 1470 779 οἰκέτας

319 809 434 848 αὐτοῦ
468 808 520 857 τῷ
555 805 748 854 ἡγουμένῳ
775 808 843 849 τῆς
874 802 1095 848 Γαλατίας,
1134 804 1201 849 τὴν
1231 804 1292 843 ε’πὶ
1321 803 1470 853 θανάτῳ

318 874 522 918 ἀνέπεισας
556 874 635 913 κτὲ.
692 871 836 912 Eodem
868 870 983 911 modo
1008 870 1258 925 corrigendus
1282 877 1339 911 est
1364 871 1474 912 locus

319 944 360 983 in
383 942 504 982 Anah.
533 942 582 984 V.
608 942 645 989 7,
675 940 740 981 34.
770 929 835 980 εὀἳν
865 939 903 979 δέ
932 954 990 984 τις
1020 938 1114 990 ἄρξῃ
1139 938 1303 987 ἄγεσθαι
1333 940 1471 984 αὐτοὺς

320 1010 380 1049 ἐπὶ
408 1008 555 1058 θανάτῳ
579 1008 664 1049 add.
692 1009 774 1054 την.
817 1007 1040 1060 Saepissime
1065 1007 1180 1047 etiam
1206 1007 1350 1061 legitur
1369 1007 1473 1060 apud

319 1076 553 1117 Herodotum
586 1090 619 1117 e.
644 1090 678 1117 c.
705 1075 736 1117 I.
769 1075 858 1116 109.
895 1076 941 1119 ὥς
975 1075 1008 1115 οἱ
1039 1074 1221 1124 παρεδόθη
1250 1076 1294 1115 τὸ
1325 1075 1472 1115 παιδίον

319 1144 594 1192 κεκοσμημένον
611 1144 679 1188 τὴν
697 1142 758 1182 ε’π)
779 1142 926 1191 θανάτῳ
945 1155 1062 1194 porro
1075 1143 1144 1181 111.
1163 1143 1258 1190 119,
1273 1144 1321 1184 V.
1335 1144 1385 1182 72
1399 1149 1471 1183 ete.

321 1211 473 1264 Corrigi
505 1209 616 1250 debet
650 1206 754 1263 apud
787 1208 892 1249 hunc
925 1209 992 1249 lx,
1027 1208 1093 1250 37.
1130 1208 1197 1248 τὸν
1227 1209 1271 1254 δὴ
1300 1208 1473 1260 πρότερον
1547 1231 1549 1235 .

324 1278 463 1318 τούτων
488 1282 730 1327 Σπαρτιῆται
755 1277 944 1326 λαβόντες
972 1274 1107 1324 ἔδησαν
1134 1278 1195 1317 ε’πὶ
1217 1277 1364 1328 θανάτῳ
1385 1278 1473 1320 add.

311 1346 404 1392 τήν.
461 1346 582 1386 Porro
608 1358 752 1385 nomen
782 1345 981 1398 proprium
1006 1344 1254 1394 Ἀρταπάτης
1283 1345 1386 1398 quod
1412 1346 1477 1386 hie

324 1415 507 1462 ocem-rit,
542 1413 818 1455 restituendum
840 1413 954 1453 etiam
981 1412 1147 1461 videtur,
1186 1419 1230 1453 ut
1254 1413 1328 1453 hoc
1353 1413 1475 1454 obiter

322 1494 517 1529 moneam,
545 1482 585 1520 in
608 1481 758 1522 Hellen.
786 1481 818 1521 1.
848 1481 895 1529 3,
926 1481 989 1521 12.
1018 1480 1122 1528 μετὰ
1146 1482 1261 1519 ταῦτ’
1287 1481 1427 1528 ὤμοσεν
1456 1483 1474 1520 ὁ

323 1550 392 1597 μὲν
417 1547 459 1589 ἕν’
479 1549 733 1599 Χρυσοπόλει,
762 1546 816 1593 οἷς
846 1547 1093 1599 Φαρνάβαζος
1120 1546 1294 1598 ἔπεμψε,
1325 1554 1474 1598 Μητρο-

322 1615 437 1662 βάτει
469 1614 533 1654 καὶ
561 1617 752 1663 Ἀρταπεῑ
776 1614 852 1668 leg.
881 1613 1121 1665 Ἀρταπάτη.

377 1683 453 1722 Pro
483 1681 628 1731 εἴκαζον
657 1682 696 1721 δ’·
714 1680 826 1721 ἄλλοι
855 1681 984 1726 ἄλλως
1012 1681 1219 1735 legendum
1245 1688 1302 1723 est
1329 1683 1474 1734 εἴκαζον

325 1751 356 1789 δ’
382 1750 501 1794 ἄλλος
527 1749 676 1795 ἄλλωςς
705 1750 791 1802 pari
811 1749 916 1790 modi
940 1750 981 1790 in
1007 1749 1130 1791 Anab.
1153 1751 1203 1790 H.
1234 1751 1276 1799 1,
1303 1751 1366 1791 15.
1397 1749 1475 1791 Οὖ-

325 1833 380 1858 τοι
408 1819 498 1867 μὲν,
528 1816 553 1858 ὦ
576 1817 776 1868 Κλέαρχε,
805 1817 923 1863 ἄλλος
947 1817 1056 1858 ἄλλα
1075 1818 1183 1867 λέγει
1202 1818 1278 1873 leg.
1298 1820 1474 1868 λέγουσι;

329 1885 397 1929 lv.
428 1888 474 1936 8,
502 1887 565 1927 19.
603 1887 635 1926 οἱ
676 1886 714 1926 δὲ
746 1886 940 1935 πολέμιοι,
976 1887 1023 1930 ὥς
1048 1886 1204 1936 ἤρξαντο
1232 1888 1324 1934 θεῖν,
1354 1889 1476 1929 οὐκέτι
1680 1907 1700 1927 ο

327 1954 508 2007 ἔστησαν,
534 1954 643 1995 ἀλλὰ
667 1957 778 2005 φυγῇ
798 1953 918 1999 ἄλλος
942 1953 1046 2005 ’άλλη
1063 1953 1247 2004 ἐτράπετο
1271 1955 1348 2010 leg.
1368 1956 1479 2006 ἐτρά-

327 2036 461 2067 ποντο;
491 2023 557 2064 VI.
589 2023 630 2070 1,
657 2023 694 2062 7.
723 2021 836 2061 ὁπότε
856 2022 889 2061 δ’
904 2022 1033 2065 αὐτοῖς
1054 2021 1211 2067 ἐπίοιεν,
1233 2014 1364 2073 ῥαδίως
1382 2024 1481 2063 άπέ-

328 2093 487 2140 φευγον·
524 2088 636 2130 ἄλλοι
668 2089 701 2129 δ’
731 2088 835 2139 άλλη
869 2088 1081 2129 ἐπετίθεντο
1121 2088 1198 2143 leg.
1228 2087 1361 2134 ἄλλος.
1405 2083 1480 2132 ὈΕ

331 2156 465 2197 Stallb.
494 2155 544 2196 ad
570 2156 667 2196 Plat.
695 2156 743 2196 de
768 2157 865 2209 nep.
893 2170 932 2209 p.
962 2156 1041 2197 550
1068 2158 1109 2196 E.

753 2235 867 2278 GAP.
895 2237 981 2280 VII.

252 2292 271 2342 §
301 2292 337 2330 1.
361 2307 364 2309 v

252 2360 316 2398 Ἐν
350 2357 388 2397 δὲ
421 2359 473 2407 τῷ
508 2358 619 2409 τρίτῳ
651 2359 808 2408 σταθμῷ
844 2361 958 2408 Κῦρος
987 2356 1171 2408 ,ἐξέτασιν
1205 2364 1369 2401 ποιεῖται
1410 2361 1485 2400 τῶν

252 2425 441 2471 Ἑλλήνων
479 2426 544 2464 καὶ
585 2429 657 2466 τῶν
692 2425 897 2475 βαρβάρων
932 2427 970 2466 ἐν
1002 2429 1055 2478 τῷ
1094 2428 1207 2478 πεδίῳ
1243 2428 1326 2483 περὶ
1360 2427 1484 2476 μέσας

255 2492 410 2537 νύκτας·
439 2491 554 2532 ἐδόκει
589 2493 667 2542 γὰρ
706 2494 759 2538 εἰς
792 2486 866 2539 τηιῖ
893 2495 1073 2537 ἐπιοῦσαν
1105 2494 1151 2535 ἕω
1183 2494 1282 2542 ἥξειν
1312 2495 1487 2542 βασιλέα

256 2562 322 2601 σὺν
341 2562 402 2611 τῷ
430 2560 691 2611 στρατεύματι
717 2562 975 2611 μαχούμενον.
