1836 3126
831 218 919 268 69,

315 352 398 399 post
425 347 455 386 εἰ
485 347 524 386 δὲ
552 347 625 399 μὴ,
655 345 702 385 ἂν
731 345 769 385 δὲ
796 346 850 392 μὴ
883 350 954 384 etc.
989 343 1149 384 verbum
1176 348 1359 394 repetere.
1413 341 1468 383 Cf.

312 414 449 469 Cyrop.
479 415 509 456 Ι.
535 415 581 464 2,
613 414 676 456 11.
705 415 771 456 VI.
801 414 845 463 4,
876 412 927 453 19
954 417 1025 453 etc.

233 483 252 532 ἐ
280 482 346 524 33.

230 548 345 596 Πόλις
377 551 415 591 δὲ
445 548 562 601 φιλία
580 549 648 594 ,τίς
683 549 785 596 ἡμᾶς
813 547 962 596 δέξεται
995 546 1076 594 ἥτις
1106 545 1154 585 ἂν
1185 545 1250 597 ὁρᾷ
1279 545 1467 591 τοσαύτην

230 618 390 667 άνομίαν
416 619 455 657 ἐν
484 619 601 665 ἧμῖνς
638 615 807 664 Ἀγορὰν
833 617 871 655 δὲ
904 615 963 659 τίς
995 615 1079 663 άξει
1108 616 1266 664 θαρρῶν,
1306 614 1352 659 ἣν.
1383 615 1465 662 περὶ

229 685 281 724 τοὶ
312 685 486 733 μέγιστα
515 683 663 723 τοιαῦτ’
691 681 1018 731 ἐξαμαρτάνοντες
1045 682 1295 733 Φαινώμεθα;

310 754 386 792 Pro
411 751 562 791 insolita
588 750 779 791 locutione
801 748 912 798 ἄγειν
941 750 1107 799 ἀγοράν,
1136 750 1217 790 sine
1235 749 1352 790 dubio
1379 749 1468 789 sub-

309 817 499 858 stituenda
524 823 581 858 est
598 818 781 872 vulgaris
809 816 943 870 (quam
970 816 1010 856 in
1032 817 1208 870 margine
1229 817 1366 859 veteris
1388 817 1469 856 edi-

308 886 420 926 tionis
446 891 665 927 annotatam
691 884 783 938 vidi)
814 883 998 934 παρέχειν
1027 884 1170 933 ἀγοράν
1200 890 1239 924 et
1265 885 1383 938 igitur
1407 885 1467 926 le-

308 952 478 1006 gendum
505 958 562 993 est
588 952 753 1002 Ἀγοράν
780 952 820 991 δὲ
847 952 907 996 τίς
935 948 1111 1001 παρέξει(

229 1021 247 1070 §
277 1019 343 1061 34.

228 1089 296 1128 Ἐκ
330 1088 462 1131 τούτου
489 1088 733 1137 ἀνιστάμενοι
764 1087 907 1132 πάντες
944 1087 1075 1135 ἔλεγον
1105 1088 1192 1131 τοὺς
1224 1087 1469 1135 μὲν-τούτων

226 1154 417 1204 ἄρξαντας
458 1157 582 1197 δοῦναι
625 1157 747 1203 δίκην,
789 1159 855 1196 τοῦ
899 1156 938 1195 δὲ
982 1158 1113 1195 λοιποῦ
1152 1154 1289 1201 μηκέτι
1329 1155 1467 1202 ἐξεῖναι

226 1223 385 1271 άνομίας
427 1223 554 1273 ἄρξαι·
596 1224 661 1264 ἐὰν
699 1223 739 1264 δέ
774 1238 832 1268 τις
873 1222 989 1275 ἄρξῃ,
1028 1221 1193 1270 ἄγεσθαι
1231 1223 1367 1267 αὐτοὺς
1406 1224 1468 1262 ἐπὶ

226 1290 389 1340 θανάτῳ.

306 1357 437 1397 Scribe
451 1357 614 1406 ἄγεσθαι
634 1358 770 1401 αὐτοὺς
788 1358 855 1402 την
869 1357 931 1396 ἐπὶ
951 1356 1112 1406 θανάτῳ.
1130 1357 1186 1399 Cf.
1198 1358 1355 1398 omnino
1369 1370 1467 1409 quae

307 1438 423 1475 supra
445 1426 625 1464 annotavi
642 1425 672 1464 Ι.
690 1425 731 1472 6,
749 1425 812 1464 10.
851 1425 950 1463 Tum
974 1424 1086 1464 scrib.
1108 1425 1183 1464 δεῖν
1203 1425 1327 1465 δοῦναι
1346 1425 1462 1469 δίκην.

709 1559 823 1599 CAP.
864 1559 967 1600 VIII.

224 1629 242 1677 5
273 1627 310 1667 6.
876 1617 880 1620 ’

224 1695 414 1733 Ἐνταῦθα
433 1695 475 1739 δη
506 1694 785 1741 ἀναγιγνώσκει
819 1696 854 1732 τ’
878 1695 992 1734 αὐτὸν
1021 1694 1084 1733 καὶ
1118 1695 1236 1743 ἤρετο.
1277 1693 1330 1733 “H
1350 1695 1396 1733 σὺ
1430 1692 1468 1733 εἷ

224 1761 240 1798 ὅ
276 1762 338 1801 τὸν
380 1761 575 1809 κάμνοντα
618 1760 802 1808 oza-obrem
843 1761 922 1800 Ναὶ
961 1761 1019 1808 μα
1055 1761 1129 1812 Δί’,
1170 1760 1261 1811 ἔφη·
1303 1761 1350 1800 σὺ
1384 1761 1462 1809 γάρ

224 1829 453 1879 ἠνάγκαζες·
484 1829 537 1868 τοὶ
564 1829 604 1868 δὲ
631 1832 703 1868 τῶν
732 1830 830 1876 ἐμῶν
857 1829 1046 1875 συσκήνων
1074 1829 1189 1875 σκεύη
1217 1829 1421 1878 διέρριψας.

304 1896 437 1945 Quivis
472 1896 638 1935 monitus
670 1895 869 1944 eonoedet,
908 1895 1042 1944 credo,
1077 1896 1116 1937 h.
1137 1896 1164 1937 1.
1202 1910 1281 1936 non
1317 1896 1463 1948 requiri

292 1960 486 2005 'Praesens
510 1963 583 2004 'sed
616 1964 831 2013 Aoristum,
868 1962 1030 2017 ideoque
1062 1964 1269 2019 legendum
1297 1964 1463 2012 άπαγα-

303 2032 392 2079 γών.
434 2032 573 2079 ’Άγειν
600 2037 640 2071 et
658 2032 837 2079 -άγαγεῒν
867 2045 956 2071 cum
985 2033 1198 2084 compositis
1225 2045 1337 2084 saepe
1365 2045 1461 2071 con-

304 2099 413 2140 fundi
436 2099 642 2152 unicuique
669 2105 806 2140 notum
832 2104 899 2140 est.
945 2099 1137 2139 Annotavi
1163 2100 1311 2153 aliquot
1330 2113 1460 2139 exem-

303 2168 369 2220 pla
400 2182 517 2221 supra
543 2167 592 2208 ad
618 2168 684 2210 IV.
710 2169 753 2216 4,
786 2168 856 2216 103
887 2167 1076 2209 nonnulla
1102 2168 1165 2208 hie
1192 2168 1341 2209 addam.
1384 2168 1460 2208 Le-

303 2236 409 2288 gitur
443 2237 483 2275 in
511 2235 658 2275 Hellen.
690 2236 757 2277 IV.
788 2236 830 2283 8,
859 2235 923 2275 30.
963 2236 1005 2274 ἕκ
1040 2236 1079 2275 δὲ
1110 2236 1241 2275 τούτου
1281 2236 1353 2279 τὰς
1388 2236 1458 2283 μὲν

302 2303 571 2352 προσηγάγετο
606 2301 677 2343 τῶν
711 2303 874 2349 πόλεων,
912 2305 954 2343 ἐκ
988 2304 1026 2344 δὲ
1053 2308 1124 2344 τῶν
1157 2306 1196 2344 οὐ
1224 2319 1459 2354 προσχωρου-

302 2374 374 2410 σῶν
402 2374 599 2416 λεηλατῶν
633 2371 823 2420 χρήματα
860 2375 938 2414 τοῖς
975 2372 1226 2421 στρατιώταις
1257 2372 1455 2421 παρέχων,

304 2436 481 2478 ἔσπευδεν
518 2439 571 2483 εἷς
612 2440 679 2485 τὴν
720 2437 839 2478 Ῥόδον
877 2439 1084 2490 ἀφικέσθαι
1117 2440 1192 2494 leg.
1223 2440 1457 2490 προσήγετο,

303 2506 392 2546 ibid.
416 2507 484 2546 III.
501 2507 543 2554 2,
568 2507 606 2546 8.
630 2508 802 2555 άγαγεῖν
828 2507 861 2546 δ’
883 2508 1053 2548 ἐκέλευον
1077 2509 1140 2548 καὶ
1166 2509 1234 2552 την
1261 2513 1455 2555 γυναῖκα,

304 2573 325 2619 ἣ
356 2573 544 2622 καλλίστη
572 2574 640 2625 μὲν
667 2575 822 2626 ἐλέγετο
853 2574 980 2618 αὐτόθι
1012 2573 1105 2619 εἶναι
1140 2576 1213 2632 leg.
1249 2574 1358 2626 ἄγειν
1386 2582 1456 2619 etc.
