1836 3085
943 185 969 222 4

431 307 549 349 dium*
565 304 776 355 κατεθέμην
805 319 874 359 per
899 318 939 345 se
964 305 1041 345 iam
1068 306 1158 348 satis
1182 308 1249 347 sit:
1287 313 1327 346 et
1352 309 1459 359 prius
1483 309 1576 348 ἄλλ’

414 374 530 427 'quod
557 374 782 414 sententiam
809 372 949 413 turbat.
1085 369 1088 371 ’

345 445 364 495 §
395 443 431 482 7.

348 511 460 549 ταῦτ’
488 507 606 550 εἶπεν·
633 510 665 548 οἱ
691 509 729 549 δὲ
754 511 1005 558 στρατιῶται,
1034 508 1070 549 οἵ
1095 511 1131 548 τ’
1154 510 1270 549 αὐτοῦ
1294 508 1431 548 ἐκείνου
1454 509 1518 548 καὶ
1545 510 1576 548 οἱ

349 575 483 622 ἄλλοι,
513 578 626 617 ταῦτ’
647 576 897 629 ἀκούσαντες,
923 575 979 616 ὅτι
1006 578 1047 617 οὐ
1069 576 1168 628 φαίη
1196 577 1302 627 παρὰ
1321 575 1492 625 βασιλέα
1511 590 1578 615 πο-

350 643 539 692 ρεύεσθαι,
570 645 770 693 ἐπῄνεσαν·
800 644 964 693 wamba-33
986 644 1109 685 Ξενίου
1131 645 1195 684 καὶ
1218 644 1408 688 Πασίωνος
1428 643 1580 687 πλείους

351 711 372 756 ἢ
403 712 579 760 δισχίλιοι
608 711 797 759 λαβόντες
825 713 877 752 τὰ
901 711 1006 752 ὅπλα
1032 713 1097 752 καὶ
1128 713 1181 752 τοὶ
1207 712 1419 763 σκευοφόρα
1447 713 1580 760 ἓστρα-
1628 765 1632 768 -

351 778 624 818 τοπεδεύσαντο
652 779 758 828 παρὰ
785 779 987 829 Κλεάρχῳ.

431 847 483 886 Ut
503 852 633 898 postea
659 846 871 886 videbimus
898 846 945 886 de
972 846 1096 886 verbis
1121 845 1277 898 ὄμνυμι,
1300 847 1583 896 ὑπισχνοῦμαι,

432 915 570 965 ἐλπίζω
610 921 680 954 ete.
719 915 772 954 sie
803 928 909 954 nunc
944 913 1223 955 observandum
1258 921 1315 955 est
1348 915 1510 955 verbum
1543 914 1586 954 οὔ

430 985 533 1031 φημι
557 994 652 1034 neqo
677 982 876 1033 requirere
896 982 1098 1022 Futurum.
1153 982 1209 1022 Cf.
1238 983 1359 1023 Anab.
1389 984 1419 1023 Ι.
1449 984 1495 1031 4,
1521 983 1584 1021 12.

431 1048 581 1090 Hellen.
602 1050 634 1089 1.
659 1049 702 1098 3,
724 1050 787 1090 11.
810 1051 846 1098 7,
869 1049 932 1090 15.
961 1050 1011 1090 Π.
1028 1051 1073 1099 2,
1094 1051 1158 1091 20.
1187 1051 1326 1104 Cyrop.
1349 1052 1401 1091 Π.
1417 1051 1458 1099 1,
1476 1051 1499 1090 5
1514 1056 1585 1090 ete.

433 1118 515 1157 Hoc
549 1118 670 1170 igitur
700 1117 786 1156 loco
820 1117 1062 1157 scribendum
1098 1123 1155 1157 est
1185 1117 1443 1167 πορεύσεσθαι.
1499 1112 1589 1157 Pari

432 1184 548 1225 modo
575 1185 689 1226 multi
710 1185 784 1225 loci
809 1185 1075 1238 Xenophontei
1102 1185 1328 1225 emendandi
1354 1191 1463 1234 sunt,
1492 1199 1588 1238 quo-

431 1266 522 1292 rum
556 1253 765 1292 nonnullos
803 1252 993 1301 indicab03
1037 1253 1180 1306 legitur
1209 1254 1250 1292 in
1285 1253 1408 1294 Anah.
1438 1254 1506 1295 IV.
1544 1252 1586 1300 5,

435 1320 499 1360 15.
536 1321 683 1359 ἐνταῦθ’
719 1320 989 1369 ἐκτραπόμενοι
1028 1320 1205 1366 ἐκάθηντο
1240 1321 1305 1360 καὶ
1340 1322 1406 1360 οὐκ
1434 1320 1588 1371 ἔφασαν

433 1386 652 1444 πορεύεσθαι
684 1386 760 1440 leg.
785 1387 1050 1442 πορεύσεσθαις
1080 1387 1170 1428 ibid.
1193 1389 1225 1428 1.
1252 1389 1297 1437 7,
1322 1387 1359 1428 5.
1397 1388 1461 1428 καὶ
1490 1389 1587 1436 μὴν,

436 1451 462 1493 ὦ
501 1456 619 1503 Κῦρε,
656 1453 816 1502 λέγουσί
848 1468 946 1498 τινες
976 1452 1033 1494 ὅτι
1071 1454 1187 1494 πόλλ’
1229 1455 1396 1505 ὑπισχνῇ
1435 1457 1498 1494 νῦν
1529 1454 1590 1493 διὰ

434 1523 477 1561 τὸ
517 1523 554 1561 ἐν
584 1522 737 1572 τοιούτῳ
765 1520 859 1562 εἶναι
886 1525 952 1562 τοῦ
987 1522 1150 1562 κινδύνου
1179 1526 1245 1563 τοῦ
1279 1523 1503 1572 προσιόντος.
1544 1522 1591 1562 ἂν

438 1590 469 1628 δ’
502 1586 543 1628 εὖ
583 1589 744 1636 γένηταί
771 1604 832 1641 τι,
868 1591 908 1629 οὐ
935 1590 1153 1638 μεμνῆσθαί
1183 1590 1226 1629 σέ
1252 1593 1388 1640 Φασιν·
1417 1590 1493 1644 leg.
1522 1606 1592 1638 με-

438 1657 668 1703 μνήσεσθαις
698 1657 749 1697 ib.
774 1658 860 1699 VII.
877 1658 920 1705 4,
944 1657 1009 1698 23.
1038 1657 1056 1696 o‘
1081 1658 1120 1697 δὲ
1145 1657 1306 1703 Σεύθης,
1334 1657 1505 1701 καλέσαις
1529 1658 1593 1697 τὸν

440 1726 683 1774 Ξενοφῶντα,
723 1724 954 1765 ἐπεδείκνυεν
991 1722 1018 1764 ἃ
1051 1724 1217 1772 λέγοιτο·
1260 1724 1323 1765 καὶ
1359 1724 1482 1766 οὐκέτι
1516 1723 1592 1775 ἔφη

438 1791 668 1830 σπείσασθαι
696 1791 729 1830 εἰ
753 1792 808 1838 μη
833 1792 914 1832 κτὲ.
943 1791 1020 1844 leg.
1044 1791 1284 1837 σπείσεσθαι;
1313 1792 1354 1831 in
1376 1792 1525 1832 Hellen.
1544 1793 1592 1834 V.

441 1859 483 1907 1,
512 1857 578 1899 32.
608 1857 625 1896 ὃ
646 1857 680 1897 δ’
698 1857 933 1906 Ἀγησίλαος
957 1859 1023 1898 οὐκ
1044 1856 1120 1910 ἔφη
1139 1858 1316 1907 δέξασθαι
1342 1859 1429 1904 τοὺς
1448 1856 1591 1909 ὅρκους,

441 1926 507 1965 ἐὰν
543 1926 600 1974 μὴ
633 1926 815 1973 ὀμνύωσιν
847 1926 928 1965 κτὲ.
966 1926 1043 1980 leg.
1076 1926 1265 1974 δέξεσθαι;
1303 1927 1344 1966 in
1371 1927 1510 1980 Cyrop.
1537 1928 1593 1974 H,

441 1995 483 2043 1,
514 1994 552 2035 5.
586 1995 716 2044 Κᾶρας
750 1993 876 2043 μέντοι
918 1994 981 2034 καὶ
1021 1993 1182 2040 Κίλικας
1217 1993 1281 2035 καὶ
1322 1992 1592 2045 Παφλαγόνας

405 2112 409 2115 ι
440 2062 755 2111 παρακληθέντας
787 2063 831 2103 οὔ
855 2065 977 2112 Φασιν
1002 2061 1158 2103 ἕπεσθαι
1183 2063 1259 2116 leg.
1286 2062 1458 2112 ἕψεσθαι.

355 2133 374 2181 §
406 2130 468 2169 11.

363 2198 427 2237 καὶ
470 2195 537 2241 ἕως
572 2212 621 2245 γε
654 2197 815 2246 μένομεν
861 2198 999 2242 αὐτοῦ,
1039 2197 1222 2239 σκεπτέον
1258 2212 1321 2246 μοι
1359 2197 1461 2238 δοκεῖ
1500 2196 1594 2238 εἶναι

321 2284 324 2287 ·
363 2264 461 2308 ὅπως
488 2265 536 2308 ὦς
563 2264 858 2314 ἀσφαλέστατα
884 2267 1084 2312 μενοῦμεν.
1201 2264 1203 2266 ’
1456 2280 1458 2284 ·

445 2332 671 2385 Requiritur
695 2333 907 2382 Futurum3
935 2331 1179 2373 scribendum
1204 2335 1416 2382 μενοῦμεν.
1459 2332 1599 2386 Ingens

447 2405 506 2440 est
524 2399 712 2440 numerus
731 2399 905 2440 locorum
922 2399 963 2439 in
986 2400 1124 2452 quibus
1144 2401 1333 2441 Futurum
1354 2398 1599 2440 librari'orum

449 2467 620 2509 socordia
645 2468 769 2522 periit.
823 2467 983 2522 Aliquot
1001 2468 1078 2509 iam
1104 2467 1323 2510 indicarunt
1346 2464 1430 2510 VV.
1452 2467 1530 2508 m).
1555 2473 1600 2508 ut

451 2549 487 2575 v.
517 2535 554 2576 d.
583 2535 709 2588 Wulp
744 2536 783 2575 in
812 2535 956 2577 dissert.
991 2549 1030 2588 p.
1059 2538 1086 2576 4
1115 2549 1213 2588 seq.;
1252 2533 1428 2587 nim—,hig
1460 2534 1501 2575 in
1536 2549 1597 2588 op.
