1836 3126
784 195 882 265 ¹45

321 349 424 402 ’μήτε
442 350 550 403 μέγα
570 352 669 402 μήτε
693 352 845 402 σμικρὸν
864 352 1012 402 χαίρειν
1043 353 1095 402 τῷ
1119 352 1181 391 τὸν
1207 354 1273 392 τοῦ
1293 357 1387 392 νοεῖν
1405 351 1470 391 καὶ

325 425 471 472 Φρονεΐν
497 421 580 470 βίον
603 421 776 470 ἑλομένῳ.
819 420 875 461 Cf.
894 417 1159 473 porroMatth.
1176 421 1243 461 Gr.
1259 418 1326 462 Gr.
1343 424 1361 473 §
1378 422 1471 461 411.

292 486 295 489 ⁵
376 490 423 528 In
464 488 661 541 postremis
695 486 855 525 libenter
887 486 1056 539 legerem
1088 486 1151 524 καὶ
1186 491 1399 534 χαλινῶσαι
1431 489 1469 527 δὲ

322 556 385 596 καὶ
414 557 494 596 κτέ.
550 554 719 595 Eandem
750 567 832 594 rem
850 553 1076 608 Xenophon
1106 554 1246 594 iterum
1272 562 1405 595 narrat
1430 557 1468 595 in

321 624 460 677 Cyrop.
488 624 557 663 111.
582 622 626 669 3,
652 621 702 660 26
726 634 827 673 seqq.

243 691 262 742 5
290 691 356 731 41.

242 757 470 807 Κράτιστον,
500 755 526 796 ὦ
554 756 775 806 Χειρίσοφε,
806 758 895 804 ἡμῖν
924 755 1041 795 ἵεσθαι
1070 757 1116 800 ὦς
1143 757 1304 806 τάχιστ’
1334 758 1396 796 ἐπὶ
1428 759 1472 796 τὸ

242 824 367 874 ἄκρον·
395 825 459 864 ἐὰν
486 825 560 874 γὰρ
590 828 698 864 τοῦτο
731 823 938 871 λάβωμεν,
966 824 1006 862 οὐ
1038 824 1252 869 δυνήσονται
1288 824 1412 873 μένειν
1438 825 1471 864 οἱ

244 892 333 941 ὑπὲρ
359 896 427 938 τῆς
456 892 549 932 ὁδοῦ.
591 893 717 936 Ἀλλ’,
750 891 781 930 εἰ
809 890 965 938 βούλει,
994 889 1083 936 μένε
1111 889 1173 928 ἐπὶ
1206 891 1256 939 τῷ
1289 891 1471 939 στρατεύ-

242 974 354 1008 ματι·
389 961 462 1009 ἐγὼ
494 960 525 1000 δ’
555 959 666 999 ἐθέλω
701 958 934 1008 πορεύεσθαι·
971 958 1002 997 εἰ
1036 957 1074 997 δὲ
1105 958 1281 1008 χρῄζεις,
1320 958 1473 1008 πορεύου

244 1027 305 1066 ἐπὶ
332 1028 375 1067 τὸ
402 1027 497 1078 ὅρος,
527 1028 599 1075 ἐγὼ
632 1027 671 1066 δὲ
698 1029 795 1074 μενῶ
824 1028 955 1065 αὐτοῦ.
1405 1028 1416 1040 “

323 1096 539 1136 Necessario
572 1094 791 1146 vrequiritur
830 1107 1062 1146 pronomen:
1100 1093 1341 1133 scribendum
1372 1095 1403 1133 εἰ
1433 1094 1472 1133 δὲ

322 1163 498 1213 χρῄζεις,
530 1162 681 1211 πορεύου
718 1162 765 1200 σὺ
799 1162 878 1200 κτέ.
922 1160 1080 1213 Syllaba
1105 1175 1164 1205 ου,
1194 1167 1238 1200 ut
1264 1174 1391 1214 saepe,
1416 1174 1474 1200 se-

323 1243 445 1282 quens
471 1230 517 1268 σὺ
546 1228 740 1281 absorpsit.

245 1299 263 1349 §
292 1297 356 1337 45.

245 1364 318 1403 Καὶ
347 1362 509 1404 ἐνταῦθα
536 1365 660 1409 πολλὴ
685 1364 755 1411 μὲν
781 1364 927 1412 κραυγὴ
954 1360 995 1408 ἦν
1020 1367 1086 1403 τοῦ
1113 1365 1334 1409 Ἑλληνικοῦ
1358 1378 1474 1413 στρα-

245 1432 434 1480 τεύματος
465 1431 776 1479 διακελευομένων
802 1436 881 1475 τοῖς
907 1432 1063 1471 ἑαυτῶν·
1101 1432 1224 1476 πολλὴ
1254 1432 1292 1470 δὲ
1326 1432 1474 1480 κραυγὴ

244 1503 315 1539 τῶν
341 1499 447 1549 ἀμφὶ
472 1498 738 1549 Τισσαφέρνην
766 1504 847 1543 τοῖςΔ
868 1499 1009 1539 ἑαυτῶν
1038 1498 1365 1546 διακελευομένων.

324 1568 370 1606 In
393 1565 545 1619 apodosi
566 1573 837 1619 expungantur
858 1566 1044 1606 vocabula
1066 1568 1212 1616 κραυγὴ
1232 1572 1270 1606 et
1290 1571 1368 1610 τοῖς
1388 1566 1476 1606 ἑαυ-

322 1637 393 1672 τῶν
425 1634 759 1682 διακελευομένων,
789 1648 836 1673 ex
866 1635 1007 1686 protasi
1032 1636 1159 1687 inepte
1186 1634 1356 1686 repetita.

244 1703 263 1754 §
292 1701 358 1741 49.

247 1770 304 1814 Οἱ,
323 1769 355 1808 δ’
375 1768 486 1808 ἄλλοι
511 1773 738 1818 στρατιῶται
766 1769 916 1808 παίουσι
945 1770 1008 1809 καὶ
1038 1769 1228 1817 βάλλουσι
1262 1769 1325 1808 καὶ
1356 1769 1474 1808 λοιδο-

246 1839 344 1885 ροῦσι
376 1836 438 1875 τὸν
467 1837 705 1885 Σωτηρίδαν,
740 1835 819 1875 ἔστ’
846 1836 1069 1884 ἠνάγκασαν
1097 1836 1275 1884 λαβόντα
1301 1837 1368 1881 την
1404 1837 1475 1874 ἀσ-

247 1903 340 1944 πίδα
367 1903 598 1953 πορεύεσθαι.

328 1971 462 2011 Sermo
488 1977 544 2011 est
568 1971 641 2012 hoc
668 1972 753 2013 loco
779 1972 826 2013 de
853 1971 1025 2013 Soterida
1047 1972 1233 2025 quodam,
1263 1973 1330 2025 qui
1351 1974 1477 2012 Xeno-

328 2038 463 2093 phonti
488 2039 759 2093 exprobrabat,
791 2040 893 2095 quod
919 2040 1001 2088 ille,
1032 2040 1172 2093 quippe
1198 2040 1264 2093 qui
1290 2054 1390 2093 equo
1413 2054 1479 2079 ve-

329 2107 511 2157 hebatur,
549 2108 726 2148 facillime
758 2110 830 2149 iter
861 2108 986 2148 facere
1017 2114 1182 2160 poterat,
1221 2109 1300 2161 ipse
1327 2114 1477 2156 autem,

332 2176 398 2228 qui
425 2176 582 2229 pedibus
608 2177 782 2217 incedere
814 2183 852 2217 et
881 2182 1079 2230 praeterea
1109 2182 1257 2216 scutum
1286 2176 1387 2216 ferre
1415 2176 1480 2217 de-

330 2241 463 2292 bebat,
505 2245 674 2298 graviter
710 2245 953 2299 fatigabatur.
1018 2244 1230 2297 Xenophon
1266 2245 1394 2284 statim
1434 2260 1482 2284 ex

332 2323 432 2362 equo
467 2311 619 2361 desiliit,
661 2312 872 2353 Soteridam
912 2312 997 2352 loco
1033 2313 1198 2365 expulit,
1242 2320 1297 2360 et,
1342 2327 1480 2365 quam-

333 2390 449 2430 quam
471 2380 548 2419 iam
575 2381 729 2421 thorace
752 2381 909 2420 indutus
934 2382 1118 2433 equestri,
1147 2387 1297 2421 scutum
1324 2382 1404 2419 eius
1423 2382 1481 2419 in-

333 2460 447 2500 super
480 2446 620 2498 ferens,
661 2463 775 2503 quam
803 2448 1001 2489 celerrime
1028 2456 1195 2503 poterat,
1233 2462 1321 2489 cum
1349 2448 1485 2489 ceteris

334 2516 517 2556 cucurrit.
573 2516 695 2556 Ceteri
722 2523 849 2558 autem
876 2517 1031 2567 milites,
1062 2518 1197 2572 quibus
1224 2517 1297 2558 hoc
1315 2518 1483 2558 immane

334 2583 550 2633 videbatur,
580 2584 790 2627 Soteridam
818 2585 983 2627 caedunt
1009 2593 1100 2635 etc„
1132 2586 1253 2627 donec
1278 2600 1369 2626 eum
1398 2600 1482 2626 eoe-
