1836 3085
892 205 944 243 44

299 331 319 381 ᾗ
347 330 409 370 30.
984 366 986 370 ,

301 396 407 436 Οὕτω
441 394 484 434 τὸ
516 394 645 432 λοιπὸν
671 397 738 438 τῆς
767 391 906 440 ἡμέρας
935 391 1188 440 πορευόμενοι,
1224 393 1255 432 οἱ
1284 394 1354 441 μὲν
1380 393 1431 447 ’τῇ
1460 398 1527 448 ὁδῷ

297 460 398 500 κατὰ
435 460 531 504 τοὺς,
551 460 769 509 γηλόφους,
807 460 838 498 οἱ
863 459 901 497 δὲ
929 458 1034 497 κατὰ
1067 459 1110 497 τὸ
1138 459 1215 507 ὅρος
1243 460 1526 510 ἐπιπαριόντες,

299 527 480 578 ἀφίκοντο
514 528 565 572 εἷς
601 527 672 572 τὰς
708 528 839 575 κώμας
869 525 934 566 καὶ
966 527 1112 577 ἰατροὺς
1143 526 1384 575 κατέστησαν
1417 529 1525 572 ὀκτώ.

376 596 595 634 Necessario
622 594 830 646 requiritur
856 594 897 633 in
924 595 1116 647 prioribus
1140 596 1385 648 praepositio:
1419 610 1528 651 repe-

376 663 511 703 tendae
546 667 634 702 sunt
668 661 767 701 duae
803 661 962 702 ultimae
1002 662 1136 704 literae
1174 663 1349 705 vocabuli
1386 664 1456 713 μὲν
1492 672 1531 706 et

376 728 615 770 scribendum
643 729 675 768 οἱ
699 729 770 776 μὲν
800 731 837 769 ἐν
866 736 913 780 τῇ
939 730 1006 779 ὁδῷ
1034 731 1113 770 κτὲ.

295 801 313 849 5
341 798 405 837 31.

294 865 469 904 ’Eumne'
494 863 645 912 ἔμειναν
672 865 813 914 ἡμέρας
840 870 939 914 τρεῖς
968 865 1032 904 καὶ
1060 868 1132 904 τῶν
1157 866 1394 914 τετρωμένων
1417 866 1528 907 ἕνεκα

296 933 359 972 καὶ
397 932 468 980 ἅμ’
508 933 703 978 ἐπιτήδεια
735 931 852 972 πόλλ’
885 930 1010 982 εἶχον,
1049 931 1214 982 ἄλευρα,
1254 930 1365 980 οἶνον,
1403 934 1527 984 κριθάς

295 1000 420 1043 ἵπποις
446 999 775 1047 συμβεβλημένας
798 1000 961 1044 πολλάς.
1005 1003 1148 1040 Ταῦτα
1168 1001 1206 1040 δὲ
1229 1003 1529 1050 συνενηνεγμένα

295 1066 336 1114 ἦν
366 1069 417 1118 τῷ
447 1063 723 1117 σατραπεύοντι
747 1073 815 1113 τῆς
837 1068 979 1117 χώρας.
1017 1068 1195 1119 Τετάρτῃ
1213 1069 1245 1108 δ’
1266 1069 1387 1120 ἡμέρα
1405 1085 1528 1110 κατα-

294 1136 487 1183 βαίνουσιν
518 1136 570 1179 εἶς
598 1135 640 1174 τὸ
669 1134 805 1174 πεδίον.

375 1205 629 1256 Expungatur
656 1202 787 1242 vocab.
813 1202 951 1253 ἡμέρᾳ,
989 1203 1097 1242 cuius
1119 1203 1159 1242 in
1186 1203 1326 1243 talibus
1353 1203 1530 1243 solemnis

375 1278 431 1310 est
466 1270 626 1323 ellipsis:
664 1270 717 1309 sic
751 1269 848 1309 bene
875 1269 1033 1322 legitur,
1073 1276 1117 1310 ut
1143 1285 1164 1309 e
1191 1270 1321 1310 multis
1349 1270 1530 1323 exemplis

373 1353 498 1378 unum
524 1338 701 1385 afferam,
731 1339 749 1388 ξ
774 1338 840 1378 37.
870 1337 933 1377 καὶ
966 1338 1144 1385 γίγνεται
1175 1342 1348 1378 τοσοῦτον
1379 1338 1528 1386 μεταξὺ

374 1410 444 1445 τῶν
483 1405 779 1454 στρατευμάτων
811 1404 906 1443 ὥστε
939 1411 986 1454 τῇ
1023 1405 1203 1456 ὑστεραία
1234 1407 1299 1445 οὐκ
1333 1404 1529 1456 ἐφάνησαν

376 1476 406 1514 οἱ
443 1473 615 1521 πολέμιοι
642 1473 722 1512 οὐδὲ
748 1480 794 1523 τῇ
826 1472 944 1523 τρίτη·
974 1479 1020 1523 τῇ
1051 1474 1088 1512 δὲ
1115 1473 1278 1524 τετάρτη
1307 1475 1386 1513 κτὲ.

297 1545 315 1595 §
344 1541 409 1583 35.

297 1610 353 1650 Οἵ
383 1625 427 1649 τε
455 1609 531 1658 γάρ
566 1608 672 1648 ἵπποι
703 1610 831 1652 αὐτοῖς
860 1609 1025 1648 δέδενται
1057 1609 1121 1647 καὶ
1150 1610 1197 1653 ὥς
1227 1609 1432 1648 ε’πιτοπολὺ
1463 1625 1531 1649 πε-

296 1677 507 1726 ποδισμένοι
549 1676 618 1715 εἶσὶ
650 1679 715 1715 τοῦ
750 1676 803 1723 μὴ
838 1676 999 1726 φεύγειν
1033 1675 1127 1715 ἕνεκ’
1156 1677 1187 1716 εἰ
1215 1676 1429 1722 λυθείησαν·
1464 1677 1531 1716 ε’άν

295 1747 338 1786 τέ
375 1761 432 1789 τις
464 1745 614 1794 θόρυβος
646 1744 850 1792 γίγνηται,
888 1744 947 1782 δεῖ
970 1744 1152 1791 ἐπισάξαι
1182 1745 1245 1784 τὸν
1273 1743 1385 1784 ἵππον
1409 1744 1532 1795 Πέρση

296 1814 421 1861 οὲνδρὶ,
452 1812 515 1851 καὶ
543 1815 757 1859 χαλινῶσαι
784 1812 841 1850 δεῖ
862 1811 925 1849 καὶ
955 1811 1227 1859 θωρακισθέντα
1253 1811 1444 1858 ἀναβῆναι
1467 1811 1529 1850 ἐπὶ

297 1881 360 1921 τὸν
388 1879 514 1921 ἵππον.

378 1948 473 1987 Mira
504 1946 700 1986 nonnullis
726 1946 824 1986 forte
851 1945 1040 1986 videbitur
1072 1946 1178 1985 verbi
1204 1947 1263 1986 δεῖ
1288 1959 1377 1986 cum
1397 1947 1532 1986 Dativo

380 2016 612 2057 constructio
639 2021 677 2055 et
699 2015 855 2055 memini
877 2029 938 2055 me
965 2015 1005 2055 in
1030 2021 1156 2055 vetere
1183 2013 1345 2055 editione
1373 2021 1530 2055 annota-

378 2087 520 2125 tionem
547 2073 801 2137 marginalem
828 2084 901 2123 viri
927 2083 1028 2123 docti
1055 2083 1251 2124 cuiusdam
1283 2083 1436 2131 vidisse,
1466 2084 1531 2135 qui

378 2154 508 2207 legere
535 2152 673 2192 maluit
699 2151 757 2191 δεῖ
785 2151 967 2199 ἐπισάξαι
994 2152 1057 2191 τὸν
1085 2150 1198 2192 ἵππον
1229 2151 1373 2200 Πέρσην
1399 2150 1528 2201 ἄνδρα.

378 2223 459 2261 Hac
486 2226 614 2260 autem
643 2220 853 2259 mutatione
878 2234 957 2259 non
985 2234 1080 2272 opus
1115 2228 1189 2268 est,
1224 2233 1361 2272 quum,
1396 2233 1531 2272 quam-

380 2290 436 2329 vis
470 2302 580 2336 rara,
618 2294 746 2327 tamen
783 2287 971 2327 nonnulla
1007 2288 1182 2341 exempla
1214 2287 1317 2327 illius
1344 2279 1531 2327 'constru-

379 2358 512 2397 ctionis
542 2357 797 2396 inveniantur.
854 2356 916 2395 Sic
943 2356 1086 2409 legitur
1113 2370 1146 2396 e.
1167 2370 1200 2395 c.
1230 2354 1332 2408 apud
1358 2355 1455 2394 Plat.
1485 2353 1532 2392 de

379 2427 473 2479 Rep.
514 2439 551 2478 p.
582 2424 672 2465 608.
701 2424 741 2465 C.
788 2423 841 2464 Τί
878 2421 956 2471 οὖνς
1004 2423 1068 2464 σ’ίει
1111 2422 1286 2474 ἀθανάτῳ
1324 2420 1530 2472 πράγματι

381 2495 469 2543 ὑπὲρ
508 2493 684 2534 τοσούτου
726 2494 799 2533 δεῖν
841 2493 974 2543 χρόνου
1008 2492 1298 2542 ἐσπουδακέναι,
1333 2491 1425 2528 ἀλλ’
1458 2489 1531 2538 οὐχ

382 2562 471 2610 ὑπὲρ
508 2564 573 2602 τοῦ
614 2560 779 2605 παντός;
817 2561 857 2601 in
893 2559 1036 2601 Phileb.
1075 2575 1112 2613 p.
1142 2560 1206 2600 33.
1236 2559 1278 2597 Β.
1313 2556 1438 2605 μηδὲν
1456 2555 1531 2595 δεῖν
