<?xml version="1.0" encoding="UTF-8"?>
<!DOCTYPE html PUBLIC "-//W3C//DTD XHTML 1.0 Transitional//EN"
    "http://www.w3.org/TR/xhtml1/DTD/xhtml1-transitional.dtd">
<html xmlns="http://www.w3.org/1999/xhtml" xml:lang="en" lang="en">
 <head>
  <title>
</title>
<meta http-equiv="Content-Type" content="text/html;charset=utf-8" />
  <meta name='ocr-system' content='tesseract 3.04.00' />
  <meta name='ocr-capabilities' content='ocr_page ocr_carea ocr_par ocr_line ocrx_word'/>
</head>
<body>
  <div class='ocr_page' id='page_1' title='image "4771430_0090.png"; bbox 0 0 1836 3085; ppageno 0'>
   <div class='ocr_carea' id='block_1_1' title="bbox 874 183 924 220">
    <p class='ocr_par' dir='ltr' id='par_1_1' title="bbox 874 183 924 220">
     <span class='ocr_line' id='line_1_1' title="bbox 874 183 924 220; baseline 0 0"><span class='ocrx_word' id='word_1_1' title='bbox 874 183 924 220; x_wconf 80' lang='lat'><strong><em>72</em></strong></span> 
     </span>
    </p>
   </div>
   <div class='ocr_carea' id='block_1_2' title="bbox 282 304 1543 1982">
    <p class='ocr_par' dir='ltr' id='par_1_2' title="bbox 282 304 1524 359">
     <span class='ocr_line' id='line_1_2' title="bbox 282 304 1524 359; baseline -0.002 -9"><span class='ocrx_word' id='word_1_2' title='bbox 282 310 349 359; x_wconf 74' lang='grc' dir='ltr'><strong><em>ραν</em></strong></span> <span class='ocrx_word' id='word_1_3' title='bbox 389 309 473 349; x_wconf 82' lang='grc' dir='ltr'><strong><em>εἴσω</em></strong></span> <span class='ocrx_word' id='word_1_4' title='bbox 510 306 773 347; x_wconf 70' lang='grc' dir='ltr'><strong><em>ἀνεσκεύασαν</em></strong></span> <span class='ocrx_word' id='word_1_5' title='bbox 806 305 871 345; x_wconf 82' lang='grc' dir='ltr'><strong><em>κα)</em></strong></span> <span class='ocrx_word' id='word_1_6' title='bbox 909 306 950 345; x_wconf 71' lang='grc' dir='ltr'><strong><em>αἱ</em></strong></span> <span class='ocrx_word' id='word_1_7' title='bbox 978 304 1099 345; x_wconf 89' lang='grc' dir='ltr'><strong><em>πύλαι</em></strong></span> <span class='ocrx_word' id='word_1_8' title='bbox 1129 305 1328 357; x_wconf 71' lang='grc' dir='ltr'><strong><em>ἐκέκληντο</em></strong></span> <span class='ocrx_word' id='word_1_9' title='bbox 1347 309 1424 348; x_wconf 83' lang='grc' dir='ltr'><strong><em>,καὶ</em></strong></span> <span class='ocrx_word' id='word_1_10' title='bbox 1455 309 1524 349; x_wconf 70' lang='grc' dir='ltr'><strong><em>ἐπὶ,</em></strong></span> 
     </span>
    </p>

    <p class='ocr_par' dir='ltr' id='par_1_3' title="bbox 284 372 871 425">
     <span class='ocr_line' id='line_1_3' title="bbox 284 372 871 425; baseline -0.005 -9"><span class='ocrx_word' id='word_1_11' title='bbox 284 381 356 416; x_wconf 82' lang='grc' dir='ltr'><strong><em>τῶν</em></strong></span> <span class='ocrx_word' id='word_1_12' title='bbox 382 376 520 424; x_wconf 82' lang='grc' dir='ltr'><strong><em>τειχῶν</em></strong></span> <span class='ocrx_word' id='word_1_13' title='bbox 547 372 653 413; x_wconf 76' lang='grc' dir='ltr'><strong><em>ὅπλα</em></strong></span> <span class='ocrx_word' id='word_1_14' title='bbox 679 372 871 425; x_wconf 74' lang='grc' dir='ltr'><strong><em>ἐφαίνετο.</em></strong></span> 
     </span>
    </p>

    <p class='ocr_par' dir='ltr' id='par_1_4' title="bbox 299 440 1534 1444">
     <span class='ocr_line' id='line_1_4' title="bbox 299 440 1522 491; baseline -0.001 -7"><span class='ocrx_word' id='word_1_15' title='bbox 299 473 301 476; x_wconf 52' lang='lat'>&lt;</span> <span class='ocrx_word' id='word_1_16' title='bbox 364 445 415 484; x_wconf 83' lang='lat' dir='ltr'><strong><em>Ut</em></strong></span> <span class='ocrx_word' id='word_1_17' title='bbox 443 443 521 482; x_wconf 80' lang='lat' dir='ltr'><strong><em>iam</em></strong></span> <span class='ocrx_word' id='word_1_18' title='bbox 547 440 697 482; x_wconf 83' lang='lat' dir='ltr'>vidimis</span> <span class='ocrx_word' id='word_1_19' title='bbox 721 441 768 481; x_wconf 85' lang='lat' dir='ltr'><strong><em>de</em></strong></span> <span class='ocrx_word' id='word_1_20' title='bbox 795 440 919 481; x_wconf 84' lang='lat' dir='ltr'><strong>verbis</strong></span> <span class='ocrx_word' id='word_1_21' title='bbox 947 442 1237 491; x_wconf 74' lang='grc' dir='ltr'><strong><em>ὑπισχνεῖσθαι,</em></strong></span> <span class='ocrx_word' id='word_1_22' title='bbox 1265 442 1421 491; x_wconf 76' lang='grc' dir='ltr'><strong><em>ὀμνύναι</em></strong></span> <span class='ocrx_word' id='word_1_23' title='bbox 1449 449 1522 483; x_wconf 82' lang='lat' dir='ltr'><strong>ete.</strong></span> 
     </span>
     <span class='ocr_line' id='line_1_5' title="bbox 365 508 1522 563; baseline 0 -13"><span class='ocrx_word' id='word_1_24' title='bbox 365 511 418 551; x_wconf 85' lang='lat' dir='ltr'><strong><em>sic</em></strong></span> <span class='ocrx_word' id='word_1_25' title='bbox 447 510 562 550; x_wconf 82' lang='lat' dir='ltr'><strong>etiam</strong></span> <span class='ocrx_word' id='word_1_26' title='bbox 597 509 759 549; x_wconf 82' lang='lat' dir='ltr'>verbum</span> <span class='ocrx_word' id='word_1_27' title='bbox 789 508 892 559; x_wconf 77' lang='grc' dir='ltr'><strong><em>φημὶ</em></strong></span> <span class='ocrx_word' id='word_1_28' title='bbox 931 515 1017 562; x_wconf 85' lang='lat' dir='ltr'><strong>post</strong></span> <span class='ocrx_word' id='word_1_29' title='bbox 1046 523 1087 550; x_wconf 84' lang='lat' dir='ltr'><strong><em>se</em></strong></span> <span class='ocrx_word' id='word_1_30' title='bbox 1121 509 1290 563; x_wconf 77' lang='lat' dir='ltr'><strong>postulat</strong></span> <span class='ocrx_word' id='word_1_31' title='bbox 1319 511 1522 550; x_wconf 81' lang='lat' dir='ltr'><strong>Futurum.</strong></span> 
     </span>
     <span class='ocr_line' id='line_1_6' title="bbox 366 575 1524 633; baseline -0.001 -16"><span class='ocrx_word' id='word_1_32' title='bbox 366 578 430 624; x_wconf 67' lang='lat' dir='ltr'><strong><em>Siq</em></strong></span> <span class='ocrx_word' id='word_1_33' title='bbox 449 576 548 617; x_wconf 85' lang='lat' dir='ltr'>bene</span> <span class='ocrx_word' id='word_1_34' title='bbox 569 577 712 630; x_wconf 82' lang='lat' dir='ltr'>legitur</span> <span class='ocrx_word' id='word_1_35' title='bbox 737 576 777 615; x_wconf 90' lang='lat' dir='ltr'><strong><em>in</em></strong></span> <span class='ocrx_word' id='word_1_36' title='bbox 796 575 920 616; x_wconf 77' lang='lat' dir='ltr'><strong>Anab-</strong></span> <span class='ocrx_word' id='word_1_37' title='bbox 950 575 1036 618; x_wconf 86' lang='lat' dir='ltr'>vll.</span> <span class='ocrx_word' id='word_1_38' title='bbox 1060 578 1105 625; x_wconf 94' lang='lat'><strong><em>1,</em></strong></span> <span class='ocrx_word' id='word_1_39' title='bbox 1137 577 1201 619; x_wconf 83' lang='lat'><strong><em>16.</em></strong></span> <span class='ocrx_word' id='word_1_40' title='bbox 1230 578 1262 617; x_wconf 85' lang='grc' dir='ltr'><strong><em>οἱ</em></strong></span> <span class='ocrx_word' id='word_1_41' title='bbox 1281 577 1318 617; x_wconf 76' lang='grc' dir='ltr'><strong><em>δὲ</em></strong></span> <span class='ocrx_word' id='word_1_42' title='bbox 1341 580 1524 633; x_wconf 79' lang='grc' dir='ltr'><strong><em>στρατιῶ-</em></strong></span> 
     </span>
     <span class='ocr_line' id='line_1_7' title="bbox 365 642 1525 696; baseline -0.002 -10"><span class='ocrx_word' id='word_1_43' title='bbox 365 660 522 687; x_wconf 86' lang='grc' dir='ltr'><strong><em>ται....</em></strong></span> <span class='ocrx_word' id='word_1_44' title='bbox 552 642 808 693; x_wconf 73' lang='grc' dir='ltr'><strong><em>κατασχίσειν</em></strong></span> <span class='ocrx_word' id='word_1_45' title='bbox 834 644 908 688; x_wconf 78' lang='grc' dir='ltr'><strong><em>τὰς</em></strong></span> <span class='ocrx_word' id='word_1_46' title='bbox 930 644 1059 689; x_wconf 88' lang='grc' dir='ltr'><strong><em>πύλας</em></strong></span> <span class='ocrx_word' id='word_1_47' title='bbox 1089 644 1263 696; x_wconf 79' lang='grc' dir='ltr'><strong><em>ἔφασαν,</em></strong></span> <span class='ocrx_word' id='word_1_48' title='bbox 1293 646 1325 685; x_wconf 84' lang='grc' dir='ltr'><strong><em>εἶ</em></strong></span> <span class='ocrx_word' id='word_1_49' title='bbox 1352 645 1407 693; x_wconf 66' lang='grc' dir='ltr'><strong><em>μὴ</em></strong></span> <span class='ocrx_word' id='word_1_50' title='bbox 1424 643 1525 684; x_wconf 77' lang='grc' dir='ltr'><strong><em>ἑκόν-</em></strong></span> 
     </span>
     <span class='ocr_line' id='line_1_8' title="bbox 365 711 1526 768; baseline -0.002 -14"><span class='ocrx_word' id='word_1_51' title='bbox 365 723 430 764; x_wconf 74' lang='grc' dir='ltr'><strong><em>τες</em></strong></span> <span class='ocrx_word' id='word_1_52' title='bbox 450 712 670 760; x_wconf 80' lang='grc' dir='ltr'><strong><em>ἀνοίξουσιν.</em></strong></span> <span class='ocrx_word' id='word_1_53' title='bbox 713 711 769 752; x_wconf 83' lang='lat' dir='ltr'><strong><em>Cf.</em></strong></span> <span class='ocrx_word' id='word_1_54' title='bbox 794 725 912 765; x_wconf 87' lang='lat' dir='ltr'>porro</span> <span class='ocrx_word' id='word_1_55' title='bbox 927 714 1012 755; x_wconf 85' lang='lat' dir='ltr'><strong>VII.</strong></span> <span class='ocrx_word' id='word_1_56' title='bbox 1032 713 1077 761; x_wconf 89' lang='lat'><strong><em>3,</em></strong></span> <span class='ocrx_word' id='word_1_57' title='bbox 1096 714 1133 754; x_wconf 85' lang='lat'><strong><em>4.</em></strong></span> <span class='ocrx_word' id='word_1_58' title='bbox 1163 715 1301 768; x_wconf 74' lang='lat' dir='ltr'>Cyrop.</span> <span class='ocrx_word' id='word_1_59' title='bbox 1317 714 1383 756; x_wconf 90' lang='lat' dir='ltr'><strong><em>VI.</em></strong></span> <span class='ocrx_word' id='word_1_60' title='bbox 1402 714 1444 764; x_wconf 90' lang='lat'><strong><em>1,</em></strong></span> <span class='ocrx_word' id='word_1_61' title='bbox 1462 713 1526 752; x_wconf 87' lang='lat'><strong><em>19.</em></strong></span> 
     </span>
     <span class='ocr_line' id='line_1_9' title="bbox 367 779 1527 840; baseline -0.001 -20"><span class='ocrx_word' id='word_1_62' title='bbox 367 781 453 821; x_wconf 85' lang='lat' dir='ltr'><strong><em>vn.</em></strong></span> <span class='ocrx_word' id='word_1_63' title='bbox 483 780 530 828; x_wconf 84' lang='lat'><strong><em>2,</em></strong></span> <span class='ocrx_word' id='word_1_64' title='bbox 562 781 585 819; x_wconf 82' lang='lat'>7</span> <span class='ocrx_word' id='word_1_65' title='bbox 600 784 686 820; x_wconf 55' lang='lat' dir='ltr'><strong><em>etc.</em></strong></span> <span class='ocrx_word' id='word_1_66' title='bbox 742 779 925 832; x_wconf 81' lang='lat' dir='ltr'><strong>Sequitur</strong></span> <span class='ocrx_word' id='word_1_67' title='bbox 956 793 1005 819; x_wconf 84' lang='lat' dir='ltr'><strong><em>ex</em></strong></span> <span class='ocrx_word' id='word_1_68' title='bbox 1036 779 1095 819; x_wconf 83' lang='lat' dir='ltr'><strong><em>his</em></strong></span> <span class='ocrx_word' id='word_1_69' title='bbox 1120 787 1252 820; x_wconf 85' lang='lat' dir='ltr'>nostro</span> <span class='ocrx_word' id='word_1_70' title='bbox 1282 780 1369 821; x_wconf 81' lang='lat' dir='ltr'>loeo</span> <span class='ocrx_word' id='word_1_71' title='bbox 1395 779 1527 840; x_wconf 56' lang='lat' dir='ltr'>{egen-</span> 
     </span>
     <span class='ocr_line' id='line_1_10' title="bbox 368 846 1528 896; baseline 0.001 -8"><span class='ocrx_word' id='word_1_72' title='bbox 368 847 462 888; x_wconf 88' lang='lat' dir='ltr'><strong><em>dum</em></strong></span> <span class='ocrx_word' id='word_1_73' title='bbox 494 861 575 888; x_wconf 79' lang='lat' dir='ltr'>esse</span> <span class='ocrx_word' id='word_1_74' title='bbox 606 846 896 896; x_wconf 79' lang='grc' dir='ltr'><strong><em>βουλεύσεσθαι.</em></strong></span> <span class='ocrx_word' id='word_1_75' title='bbox 952 848 1041 887; x_wconf 83' lang='lat' dir='ltr'>Pari</span> <span class='ocrx_word' id='word_1_76' title='bbox 1072 847 1187 888; x_wconf 90' lang='lat' dir='ltr'>modo</span> <span class='ocrx_word' id='word_1_77' title='bbox 1219 848 1395 889; x_wconf 81' lang='lat' dir='ltr'><strong>futurum</strong></span> <span class='ocrx_word' id='word_1_78' title='bbox 1421 849 1528 889; x_wconf 82' lang='lat' dir='ltr'><strong>resti-</strong></span> 
     </span>
     <span class='ocr_line' id='line_1_11' title="bbox 367 915 1529 966; baseline 0 -10"><span class='ocrx_word' id='word_1_79' title='bbox 367 915 556 956; x_wconf 81' lang='lat' dir='ltr'><strong>tuendum</strong></span> <span class='ocrx_word' id='word_1_80' title='bbox 584 922 641 956; x_wconf 81' lang='lat' dir='ltr'><strong><em>est</em></strong></span> <span class='ocrx_word' id='word_1_81' title='bbox 665 915 790 956; x_wconf 81' lang='lat' dir='ltr'><strong>Anah.</strong></span> <span class='ocrx_word' id='word_1_82' title='bbox 813 917 899 957; x_wconf 91' lang='lat' dir='ltr'><strong>VII.</strong></span> <span class='ocrx_word' id='word_1_83' title='bbox 922 916 962 963; x_wconf 91' lang='lat'><strong><em>1,</em></strong></span> <span class='ocrx_word' id='word_1_84' title='bbox 987 917 1026 956; x_wconf 86' lang='lat'><strong><em>4.</em></strong></span> <span class='ocrx_word' id='word_1_85' title='bbox 1055 916 1087 955; x_wconf 91' lang='grc' dir='ltr'><strong><em>οἱ</em></strong></span> <span class='ocrx_word' id='word_1_86' title='bbox 1117 915 1188 963; x_wconf 84' lang='grc' dir='ltr'><strong><em>μὲν</em></strong></span> <span class='ocrx_word' id='word_1_87' title='bbox 1217 916 1262 961; x_wconf 69' lang='grc' dir='ltr'><strong><em>δὴ</em></strong></span> <span class='ocrx_word' id='word_1_88' title='bbox 1286 915 1399 955; x_wconf 74' lang='grc' dir='ltr'><strong><em>ἄλλοι</em></strong></span> <span class='ocrx_word' id='word_1_89' title='bbox 1430 916 1529 966; x_wconf 79' lang='grc' dir='ltr'><strong><em>ἔφα-</em></strong></span> 
     </span>
     <span class='ocr_line' id='line_1_12' title="bbox 368 982 1529 1038; baseline 0 -15"><span class='ocrx_word' id='word_1_90' title='bbox 368 999 441 1024; x_wconf 90' lang='grc' dir='ltr'><strong><em>σαν</em></strong></span> <span class='ocrx_word' id='word_1_91' title='bbox 480 982 781 1032; x_wconf 69' lang='grc' dir='ltr'><strong><em>βουλευσάμενοι</em></strong></span> <span class='ocrx_word' id='word_1_92' title='bbox 821 983 1095 1031; x_wconf 71' lang='grc' dir='ltr'><strong><em>ἀπαγγέλλειν</em></strong></span> <span class='ocrx_word' id='word_1_93' title='bbox 1124 983 1212 1038; x_wconf 63' lang='grc' dir='ltr'><strong><em>Ἰθὲ.</em></strong></span> <span class='ocrx_word' id='word_1_94' title='bbox 1253 985 1529 1032; x_wconf 68' lang='grc' dir='ltr'><strong><em>ἀπαγγελεῖνς</em></strong></span> 
     </span>
     <span class='ocr_line' id='line_1_13' title="bbox 369 1051 1531 1105; baseline -0.001 -13"><span class='ocrx_word' id='word_1_95' title='bbox 369 1053 510 1105; x_wconf 82' lang='lat' dir='ltr'><strong>Cyrop.</strong></span> <span class='ocrx_word' id='word_1_96' title='bbox 539 1053 607 1095; x_wconf 90' lang='lat' dir='ltr'><strong><em>VI.</em></strong></span> <span class='ocrx_word' id='word_1_97' title='bbox 635 1053 676 1100; x_wconf 91' lang='lat'><strong><em>1,</em></strong></span> <span class='ocrx_word' id='word_1_98' title='bbox 702 1052 767 1091; x_wconf 86' lang='lat'><strong><em>19.</em></strong></span> <span class='ocrx_word' id='word_1_99' title='bbox 796 1051 979 1095; x_wconf 68' lang='grc' dir='ltr'><strong><em>Γαδάτας</em></strong></span> <span class='ocrx_word' id='word_1_100' title='bbox 1006 1052 1045 1091; x_wconf 79' lang='grc' dir='ltr'><strong><em>δὲ</em></strong></span> <span class='ocrx_word' id='word_1_101' title='bbox 1068 1051 1132 1091; x_wconf 76' lang='grc' dir='ltr'><strong><em>καὶ</em></strong></span> <span class='ocrx_word' id='word_1_102' title='bbox 1158 1052 1340 1102; x_wconf 82' lang='grc' dir='ltr'><strong><em>Γωβρύας</em></strong></span> <span class='ocrx_word' id='word_1_103' title='bbox 1369 1052 1433 1092; x_wconf 71' lang='grc' dir='ltr'><strong><em>καὶ</em></strong></span> <span class='ocrx_word' id='word_1_104' title='bbox 1454 1057 1531 1092; x_wconf 87' lang='grc' dir='ltr'><strong><em>τεῖ-</em></strong></span> 
     </span>
     <span class='ocr_line' id='line_1_14' title="bbox 368 1118 1533 1176; baseline -0.001 -18"><span class='ocrx_word' id='word_1_105' title='bbox 368 1134 440 1168; x_wconf 82' lang='grc' dir='ltr'><strong><em>χος</em></strong></span> <span class='ocrx_word' id='word_1_106' title='bbox 472 1118 646 1167; x_wconf 78' lang='grc' dir='ltr'><strong><em>ἒκάτερος</em></strong></span> <span class='ocrx_word' id='word_1_107' title='bbox 676 1120 819 1176; x_wconf 79' lang='grc' dir='ltr'><strong><em>αὐτῶν,</em></strong></span> <span class='ocrx_word' id='word_1_108' title='bbox 847 1118 1093 1166; x_wconf 78' lang='grc' dir='ltr'><strong><em>τειχίσασθαι</em></strong></span> <span class='ocrx_word' id='word_1_109' title='bbox 1122 1118 1277 1168; x_wconf 80' lang='grc' dir='ltr'><strong><em>ἔφασαν</em></strong></span> <span class='ocrx_word' id='word_1_110' title='bbox 1303 1118 1380 1172; x_wconf 88' lang='lat' dir='ltr'><strong>leg.</strong></span> <span class='ocrx_word' id='word_1_111' title='bbox 1409 1133 1533 1167; x_wconf 87' lang='grc' dir='ltr'><strong><em>τειχι-</em></strong></span> 
     </span>
     <span class='ocr_line' id='line_1_15' title="bbox 369 1185 1534 1238; baseline -0.001 -11"><span class='ocrx_word' id='word_1_112' title='bbox 369 1187 513 1234; x_wconf 55' lang='lat' dir='ltr'><strong><em>fredam</em></strong></span> <span class='ocrx_word' id='word_1_113' title='bbox 554 1186 643 1227; x_wconf 88' lang='lat' dir='ltr'><strong>ibid.</strong></span> <span class='ocrx_word' id='word_1_114' title='bbox 682 1187 730 1229; x_wconf 90' lang='lat' dir='ltr'><strong><em>V.</em></strong></span> <span class='ocrx_word' id='word_1_115' title='bbox 765 1186 811 1235; x_wconf 89' lang='lat'><strong><em>3,</em></strong></span> <span class='ocrx_word' id='word_1_116' title='bbox 849 1186 913 1227; x_wconf 81' lang='lat'><strong><em>16.</em></strong></span> <span class='ocrx_word' id='word_1_117' title='bbox 956 1185 1016 1231; x_wconf 77' lang='grc' dir='ltr'><strong><em>οὓς</em></strong></span> <span class='ocrx_word' id='word_1_118' title='bbox 1059 1186 1090 1227; x_wconf 83' lang='grc' dir='ltr'><strong><em>δ’</em></strong></span> <span class='ocrx_word' id='word_1_119' title='bbox 1127 1185 1272 1235; x_wconf 81' lang='grc' dir='ltr'><strong><em>ἔλαβε,</em></strong></span> <span class='ocrx_word' id='word_1_120' title='bbox 1315 1186 1534 1238; x_wconf 75' lang='grc' dir='ltr'><strong><em>βασανίζων</em></strong></span> 
     </span>
     <span class='ocr_line' id='line_1_16' title="bbox 372 1254 1534 1305; baseline -0.001 -10"><span class='ocrx_word' id='word_1_121' title='bbox 372 1256 537 1295; x_wconf 81' lang='grc' dir='ltr'><strong><em>ἐναντίον</em></strong></span> <span class='ocrx_word' id='word_1_122' title='bbox 567 1256 737 1299; x_wconf 76' lang='grc' dir='ltr'><strong><em>πολλῶν,</em></strong></span> <span class='ocrx_word' id='word_1_123' title='bbox 775 1256 822 1298; x_wconf 79' lang='grc' dir='ltr'><strong><em>ὥς</em></strong></span> <span class='ocrx_word' id='word_1_124' title='bbox 860 1255 1013 1300; x_wconf 80' lang='grc' dir='ltr'><strong><em>ἤκουσεν</em></strong></span> <span class='ocrx_word' id='word_1_125' title='bbox 1046 1256 1111 1304; x_wconf 82' lang='grc' dir='ltr'><strong><em>ἐφ’</em></strong></span> <span class='ocrx_word' id='word_1_126' title='bbox 1141 1254 1168 1294; x_wconf 79' lang='grc' dir='ltr'><strong><em>ἃ</em></strong></span> <span class='ocrx_word' id='word_1_127' title='bbox 1202 1254 1356 1305; x_wconf 83' lang='grc' dir='ltr'><strong><em>ἔφασαν</em></strong></span> <span class='ocrx_word' id='word_1_128' title='bbox 1384 1255 1534 1304; x_wconf 88' lang='grc' dir='ltr'><strong><em>πορεύε-</em></strong></span> 
     </span>
     <span class='ocr_line' id='line_1_17' title="bbox 371 1321 1534 1377; baseline 0 -15"><span class='ocrx_word' id='word_1_129' title='bbox 371 1324 457 1363; x_wconf 86' lang='grc' dir='ltr'><strong><em>σθαι</em></strong></span> <span class='ocrx_word' id='word_1_130' title='bbox 485 1322 562 1377; x_wconf 85' lang='lat' dir='ltr'><strong>leg.</strong></span> <span class='ocrx_word' id='word_1_131' title='bbox 579 1323 845 1373; x_wconf 85' lang='grc' dir='ltr'><strong><em>πορεύσεσθαι;</em></strong></span> <span class='ocrx_word' id='word_1_132' title='bbox 875 1322 915 1363; x_wconf 90' lang='lat' dir='ltr'><strong><em>in</em></strong></span> <span class='ocrx_word' id='word_1_133' title='bbox 943 1321 1092 1364; x_wconf 85' lang='lat' dir='ltr'>Hellen.</span> <span class='ocrx_word' id='word_1_134' title='bbox 1116 1322 1148 1362; x_wconf 94' lang='lat' dir='ltr'><strong><em>I.</em></strong></span> <span class='ocrx_word' id='word_1_135' title='bbox 1180 1323 1217 1371; x_wconf 84' lang='lat'><strong><em>7,</em></strong></span> <span class='ocrx_word' id='word_1_136' title='bbox 1241 1323 1307 1363; x_wconf 82' lang='lat'><strong><em>29.</em></strong></span> <span class='ocrx_word' id='word_1_137' title='bbox 1337 1322 1534 1373; x_wconf 83' lang='grc' dir='ltr'><strong><em>Θρασύλος</em></strong></span> 
     </span>
     <span class='ocr_line' id='line_1_18' title="bbox 370 1390 1407 1444; baseline 0.001 -13"><span class='ocrx_word' id='word_1_138' title='bbox 370 1393 402 1430; x_wconf 79' lang='grc' dir='ltr'><strong><em>δ’</em></strong></span> <span class='ocrx_word' id='word_1_139' title='bbox 430 1392 638 1442; x_wconf 82' lang='grc' dir='ltr'><strong><em>ἀμφότερα</em></strong></span> <span class='ocrx_word' id='word_1_140' title='bbox 666 1390 741 1441; x_wconf 80' lang='grc' dir='ltr'><strong><em>ἔφη</em></strong></span> <span class='ocrx_word' id='word_1_141' title='bbox 770 1391 946 1438; x_wconf 73' lang='grc' dir='ltr'><strong><em>γενέσθαι</em></strong></span> <span class='ocrx_word' id='word_1_142' title='bbox 976 1390 1052 1444; x_wconf 87' lang='lat' dir='ltr'>leg.</span> <span class='ocrx_word' id='word_1_143' title='bbox 1081 1391 1307 1438; x_wconf 70' lang='grc' dir='ltr'><strong><em>γενήσεσθαι</em></strong></span> <span class='ocrx_word' id='word_1_144' title='bbox 1335 1397 1407 1432; x_wconf 79' lang='lat' dir='ltr'><strong>etc.</strong></span> 
     </span>
    </p>

    <p class='ocr_par' dir='ltr' id='par_1_5' title="bbox 291 1459 407 1511">
     <span class='ocr_line' id='line_1_19' title="bbox 291 1459 407 1511; baseline 0.017 -13"><span class='ocrx_word' id='word_1_145' title='bbox 291 1462 310 1511; x_wconf 58' lang='grc' dir='ltr'>ᾗ</span> <span class='ocrx_word' id='word_1_146' title='bbox 343 1459 407 1500; x_wconf 87' lang='grc'><strong><em>15.</em></strong></span> 
     </span>
    </p>

    <p class='ocr_par' dir='ltr' id='par_1_6' title="bbox 292 1525 1542 1578">
     <span class='ocr_line' id='line_1_20' title="bbox 292 1525 1542 1578; baseline -0.001 -12"><span class='ocrx_word' id='word_1_147' title='bbox 292 1526 455 1576; x_wconf 76' lang='grc' dir='ltr'><strong><em>θυομένῳ</em></strong></span> <span class='ocrx_word' id='word_1_148' title='bbox 491 1528 524 1567; x_wconf 78' lang='grc' dir='ltr'><strong><em>δ’</em></strong></span> <span class='ocrx_word' id='word_1_149' title='bbox 549 1527 652 1575; x_wconf 77' lang='grc' dir='ltr'><strong><em>αὐτῷ</em></strong></span> <span class='ocrx_word' id='word_1_150' title='bbox 686 1525 871 1578; x_wconf 85' lang='lat' dir='ltr'><strong>[expung.</strong></span> <span class='ocrx_word' id='word_1_151' title='bbox 895 1526 1025 1578; x_wconf 89' lang='lat' dir='ltr'>pron.]</span> <span class='ocrx_word' id='word_1_152' title='bbox 1060 1527 1113 1574; x_wconf 76' lang='grc' dir='ltr'><strong><em>τῷ</em></strong></span> <span class='ocrx_word' id='word_1_153' title='bbox 1144 1525 1325 1573; x_wconf 75' lang='grc' dir='ltr'><strong><em>Ἡγεμόνι</em></strong></span> <span class='ocrx_word' id='word_1_154' title='bbox 1356 1528 1542 1575; x_wconf 84' lang='grc' dir='ltr'><strong><em>Ἡρακλεῖ</em></strong></span> 
     </span>
    </p>

    <p class='ocr_par' dir='ltr' id='par_1_7' title="bbox 293 1592 1539 1644">
     <span class='ocr_line' id='line_1_21' title="bbox 293 1592 1539 1644; baseline -0.002 -10"><span class='ocrx_word' id='word_1_155' title='bbox 293 1596 359 1635; x_wconf 77' lang='grc' dir='ltr'><strong><em>καὶ</em></strong></span> <span class='ocrx_word' id='word_1_156' title='bbox 380 1594 597 1643; x_wconf 78' lang='grc' dir='ltr'><strong><em>κοινουμένῳ</em></strong></span> <span class='ocrx_word' id='word_1_157' title='bbox 618 1593 760 1643; x_wconf 80' lang='grc' dir='ltr'><strong><em>πότερα</em></strong></span> <span class='ocrx_word' id='word_1_158' title='bbox 785 1594 879 1643; x_wconf 76' lang='grc' dir='ltr'><strong><em>λῷον</em></strong></span> <span class='ocrx_word' id='word_1_159' title='bbox 904 1593 968 1633; x_wconf 77' lang='grc' dir='ltr'><strong><em>καὶ</em></strong></span> <span class='ocrx_word' id='word_1_160' title='bbox 989 1592 1141 1641; x_wconf 79' lang='grc' dir='ltr'><strong><em>ἄμεινον</em></strong></span> <span class='ocrx_word' id='word_1_161' title='bbox 1165 1593 1220 1639; x_wconf 80' lang='grc' dir='ltr'><strong><em>εἴη</em></strong></span> <span class='ocrx_word' id='word_1_162' title='bbox 1248 1593 1539 1644; x_wconf 84' lang='grc' dir='ltr'><strong><em>στρατεύεσθαι,</em></strong></span> 
     </span>
    </p>

    <p class='ocr_par' dir='ltr' id='par_1_8' title="bbox 296 1659 1539 1711">
     <span class='ocr_line' id='line_1_22' title="bbox 296 1659 1539 1711; baseline -0.002 -10"><span class='ocrx_word' id='word_1_163' title='bbox 296 1663 423 1711; x_wconf 85' lang='grc' dir='ltr'><strong><em>ἔχοντι</em></strong></span> <span class='ocrx_word' id='word_1_164' title='bbox 449 1662 535 1705; x_wconf 85' lang='grc' dir='ltr'><strong><em>τοὺς</em></strong></span> <span class='ocrx_word' id='word_1_165' title='bbox 560 1661 875 1709; x_wconf 77' lang='grc' dir='ltr'><strong><em>παραμείναντας</em></strong></span> <span class='ocrx_word' id='word_1_166' title='bbox 896 1665 968 1700; x_wconf 82' lang='grc' dir='ltr'><strong><em>τῶν</em></strong></span> <span class='ocrx_word' id='word_1_167' title='bbox 995 1664 1251 1709; x_wconf 79' lang='grc' dir='ltr'><strong><em>στρατιωτῶν,</em></strong></span> <span class='ocrx_word' id='word_1_168' title='bbox 1283 1661 1304 1707; x_wconf 75' lang='grc' dir='ltr'>ἢ</span> <span class='ocrx_word' id='word_1_169' title='bbox 1327 1659 1539 1703; x_wconf 72' lang='grc' dir='ltr'><strong><em>ἀπαλλατ-</em></strong></span> 
     </span>
    </p>

    <p class='ocr_par' dir='ltr' id='par_1_9' title="bbox 297 1728 1543 1982">
     <span class='ocr_line' id='line_1_23' title="bbox 297 1728 1422 1778; baseline -0.003 -8"><span class='ocrx_word' id='word_1_170' title='bbox 297 1731 449 1775; x_wconf 88' lang='grc' dir='ltr'><strong><em>τεσθαι,</em></strong></span> <span class='ocrx_word' id='word_1_171' title='bbox 482 1729 665 1777; x_wconf 74' lang='grc' dir='ltr'><strong><em>ἐσήμηνεν</em></strong></span> <span class='ocrx_word' id='word_1_172' title='bbox 692 1728 708 1767; x_wconf 80' lang='grc' dir='ltr'><em>ὃ</em></span> <span class='ocrx_word' id='word_1_173' title='bbox 733 1729 810 1773; x_wconf 73' lang='grc' dir='ltr'><strong><em>θεὸς</em></strong></span> <span class='ocrx_word' id='word_1_174' title='bbox 837 1734 916 1773; x_wconf 82' lang='grc' dir='ltr'><strong><em>τοῖς</em></strong></span> <span class='ocrx_word' id='word_1_175' title='bbox 948 1729 1055 1778; x_wconf 85' lang='grc' dir='ltr'><strong><em>ἱεροῖς</em></strong></span> <span class='ocrx_word' id='word_1_176' title='bbox 1087 1728 1422 1778; x_wconf 83' lang='grc' dir='ltr'><strong><em>συστρατεύεσθαι.</em></strong></span> 
     </span>
     <span class='ocr_line' id='line_1_24' title="bbox 378 1795 1543 1850; baseline -0.003 -13"><span class='ocrx_word' id='word_1_177' title='bbox 378 1799 634 1850; x_wconf 81' lang='lat' dir='ltr'><strong>Expungatur</strong></span> <span class='ocrx_word' id='word_1_178' title='bbox 660 1796 850 1836; x_wconf 85' lang='lat' dir='ltr'>insulsum</span> <span class='ocrx_word' id='word_1_179' title='bbox 878 1796 1179 1836; x_wconf 80' lang='lat' dir='ltr'><strong>additamentum</strong></span> <span class='ocrx_word' id='word_1_180' title='bbox 1209 1801 1287 1839; x_wconf 88' lang='grc' dir='ltr'><strong><em>τοῖς</em></strong></span> <span class='ocrx_word' id='word_1_181' title='bbox 1313 1797 1436 1844; x_wconf 82' lang='grc' dir='ltr'><strong><em>ἱεροῖς.</em></strong></span> <span class='ocrx_word' id='word_1_182' title='bbox 1480 1795 1543 1834; x_wconf 84' lang='lat' dir='ltr'><strong><em>Sic</em></strong></span> 
     </span>
     <span class='ocr_line' id='line_1_25' title="bbox 380 1862 1542 1918; baseline -0.002 -14"><span class='ocrx_word' id='word_1_183' title='bbox 380 1865 479 1904; x_wconf 80' lang='lat' dir='ltr'>bene</span> <span class='ocrx_word' id='word_1_184' title='bbox 506 1864 650 1918; x_wconf 84' lang='lat' dir='ltr'><strong>legitur</strong></span> <span class='ocrx_word' id='word_1_185' title='bbox 676 1863 798 1907; x_wconf 85' lang='lat' dir='ltr'>Anab.</span> <span class='ocrx_word' id='word_1_186' title='bbox 828 1865 875 1905; x_wconf 90' lang='lat' dir='ltr'><strong><em>V.</em></strong></span> <span class='ocrx_word' id='word_1_187' title='bbox 908 1864 949 1912; x_wconf 87' lang='lat'><strong><em>9,</em></strong></span> <span class='ocrx_word' id='word_1_188' title='bbox 976 1864 1040 1904; x_wconf 87' lang='grc'><strong><em>24.</em></strong></span> <span class='ocrx_word' id='word_1_189' title='bbox 1078 1862 1168 1903; x_wconf 80' lang='grc' dir='ltr'><strong><em>οὕτω</em></strong></span> <span class='ocrx_word' id='word_1_190' title='bbox 1204 1864 1246 1908; x_wconf 78' lang='grc' dir='ltr'><strong><em>δη</em></strong></span> <span class='ocrx_word' id='word_1_191' title='bbox 1273 1862 1432 1913; x_wconf 83' lang='grc' dir='ltr'><strong><em>θυομένῳ</em></strong></span> <span class='ocrx_word' id='word_1_192' title='bbox 1461 1862 1542 1903; x_wconf 76' lang='grc' dir='ltr'><strong><em>δια-</em></strong></span> 
     </span>
     <span class='ocr_line' id='line_1_26' title="bbox 384 1931 1378 1982; baseline -0.003 -9"><span class='ocrx_word' id='word_1_193' title='bbox 384 1936 515 1982; x_wconf 82' lang='grc' dir='ltr'><strong><em>Φανῶς</em></strong></span> <span class='ocrx_word' id='word_1_194' title='bbox 545 1933 562 1970; x_wconf 83' lang='grc' dir='ltr'><em>ὁ</em></span> <span class='ocrx_word' id='word_1_195' title='bbox 589 1932 667 1976; x_wconf 78' lang='grc' dir='ltr'><strong><em>θεὸς</em></strong></span> <span class='ocrx_word' id='word_1_196' title='bbox 699 1931 874 1979; x_wconf 73' lang='grc' dir='ltr'><strong><em>σημαίνει</em></strong></span> <span class='ocrx_word' id='word_1_197' title='bbox 906 1932 1005 1979; x_wconf 75' lang='grc' dir='ltr'><strong><em>μήτε</em></strong></span> <span class='ocrx_word' id='word_1_198' title='bbox 1032 1932 1271 1980; x_wconf 74' lang='grc' dir='ltr'><strong><em>προσδεῖσθαι</em></strong></span> <span class='ocrx_word' id='word_1_199' title='bbox 1298 1931 1378 1970; x_wconf 79' lang='grc' dir='ltr'><strong><em>κτέ.</em></strong></span> 
     </span>
    </p>
   </div>
   <div class='ocr_carea' id='block_1_3' title="bbox 843 2089 1038 2107">
    <p class='ocr_par' dir='ltr' id='par_1_10' title="bbox 843 2089 1038 2107">
     <span class='ocr_line' id='line_1_27' title="bbox 843 2089 1038 2107; baseline -0.01 0"><span class='ocrx_word' id='word_1_200' title='bbox 843 2089 1038 2107; x_wconf 54' lang='lat' dir='ltr'><em>w</em></span> 
     </span>
    </p>
   </div>
   <div class='ocr_carea' id='block_1_4' title="bbox 790 2220 1060 2271">
    <p class='ocr_par' dir='ltr' id='par_1_11' title="bbox 790 2220 1060 2271">
     <span class='ocr_line' id='line_1_28' title="bbox 790 2220 1060 2271; baseline 0 0"><span class='ocrx_word' id='word_1_201' title='bbox 790 2220 954 2271; x_wconf 61' lang='lat' dir='ltr'><strong><em>numi</em></strong></span> <span class='ocrx_word' id='word_1_202' title='bbox 998 2221 1060 2271; x_wconf 74' lang='lat' dir='ltr'><strong><em>vl.</em></strong></span> 
     </span>
    </p>
   </div>
   <div class='ocr_carea' id='block_1_5' title="bbox 310 2413 1018 2517">
    <p class='ocr_par' dir='ltr' id='par_1_12' title="bbox 310 2413 1018 2517">
     <span class='ocr_line' id='line_1_29' title="bbox 836 2413 1018 2452; baseline 0 0"><span class='ocrx_word' id='word_1_203' title='bbox 836 2413 951 2452; x_wconf 84' lang='lat' dir='ltr'>CAP.</span> <span class='ocrx_word' id='word_1_204' title='bbox 988 2414 1018 2452; x_wconf 91' lang='lat'><strong><em>1.</em></strong></span> 
     </span>
     <span class='ocr_line' id='line_1_30' title="bbox 310 2467 420 2517; baseline 0.018 -12"><span class='ocrx_word' id='word_1_205' title='bbox 310 2469 328 2517; x_wconf 50' lang='grc' dir='ltr'><em>ᾗ</em></span> <span class='ocrx_word' id='word_1_206' title='bbox 359 2467 420 2507; x_wconf 84' lang='lat'><strong><em>13.</em></strong></span> 
     </span>
    </p>
   </div>
   <div class='ocr_carea' id='block_1_6' title="bbox 313 2532 1548 2584">
    <p class='ocr_par' dir='ltr' id='par_1_13' title="bbox 313 2532 1548 2584">
     <span class='ocr_line' id='line_1_31' title="bbox 313 2532 1548 2584; baseline 0.002 -12"><span class='ocrx_word' id='word_1_207' title='bbox 313 2534 519 2582; x_wconf 72' lang='grc' dir='ltr'><strong><em>Κρατιστον</em></strong></span> <span class='ocrx_word' id='word_1_208' title='bbox 558 2532 617 2574; x_wconf 77' lang='grc' dir='ltr'><strong><em>οὖν</em></strong></span> <span class='ocrx_word' id='word_1_209' title='bbox 653 2535 743 2580; x_wconf 77' lang='grc' dir='ltr'><strong><em>ἡμῖν</em></strong></span> <span class='ocrx_word' id='word_1_210' title='bbox 774 2534 819 2577; x_wconf 85' lang='grc' dir='ltr'><strong><em>ὧς</em></strong></span> <span class='ocrx_word' id='word_1_211' title='bbox 854 2534 1033 2583; x_wconf 76' lang='grc' dir='ltr'><strong><em>τάχιστα</em></strong></span> <span class='ocrx_word' id='word_1_212' title='bbox 1063 2535 1213 2582; x_wconf 79' lang='grc' dir='ltr'><strong><em>βοηθεῖν</em></strong></span> <span class='ocrx_word' id='word_1_213' title='bbox 1245 2540 1323 2580; x_wconf 83' lang='grc' dir='ltr'><strong><em>τοῖς</em></strong></span> <span class='ocrx_word' id='word_1_214' title='bbox 1350 2533 1548 2584; x_wconf 74' lang='grc' dir='ltr'><strong><em>ἀνδράσιν,</em></strong></span> 
     </span>
    </p>
   </div>
  </div>
 </body>
</html>
