1836 3085
907 208 972 265 ‚34

330 332 445 380 ἦσαν,
480 332 623 381 ἀγορὰν
653 331 685 371 δ’
715 331 847 376 οὐδεὶς
872 329 927 370 ἔτι
967 330 1141 381 παρέξειν
1182 331 1363 379 ἔμελλεν,
1399 336 1568 386 ἀπεῖχον

328 402 367 442 δὲ
398 405 465 446 τῆς
498 399 687 445 Ελλάδος
715 398 877 440 πλέον
857 415 878 445 n
907 397 1024 447 μύρια
1051 397 1194 440 στάδιά
1218 399 1300 440 κτὲ.

406 469 634 522 Ubicunque
664 468 768 523 apud
794 466 1085 519 Xenophontem
1113 466 1160 523 (e.
1178 482 1211 508 c.
1239 468 1280 508 in
1301 467 1424 509 Anah.
1445 470 1492 516 V,
1519 471 1565 519 6,

409 538 446 577 9.
474 538 547 585 10,
577 538 614 578 2.
640 538 706 578 VI.
732 537 774 584 2,
797 535 821 574 5
836 534 924 589 etc.)
952 541 990 575 et
1011 536 1179 589 reliquos
1200 536 1402 593 scriptores
1423 537 1567 580 Atticos

406 604 550 659 legitur
577 604 690 644 πλέον
721 603 741 649 ἢ
770 594 1057 644 rescribendum
1084 610 1141 644 est
1172 609 1284 645 πλεῖν
1311 604 1347 651 ἢ.
1399 604 1568 646 Probant

405 673 480 712 hoc
511 677 713 724 pootarum
749 670 826 710 loci
866 685 900 711 e.
926 685 960 712 o.
988 673 1114 724 Equit.
1147 665 1184 713 v.
1224 674 1316 713 444.
1355 678 1498 718 κλοπῆς
1526 674 1565 713 δὲ

406 744 517 779 πλεῖν
547 738 568 784 ἢ
594 738 746 787 χιλίας.
776 752 894 791 porro
922 752 958 779 v·
989 739 1066 781 835
1090 745 1161 782 ete.
1214 739 1269 781 Cf.
1297 740 1352 780 Cl.
1382 740 1498 781 Cobet
1525 741 1565 780 in

404 806 511 846 Orat.
540 807 679 860 Inaug.
708 820 747 860 p.
778 808 842 847 97.

319 876 339 925 5
369 874 407 915 5.

322 942 397 982 Καὶ
426 942 443 981 5
474 941 680 991 Σωκράτης
711 942 954 987 ὑποπτεύσας
987 943 1041 991 μή
1070 957 1107 982 τι
1138 944 1227 992 πρὸς
1258 947 1326 989 τῆς
1360 943 1503 988 πόλεώς
1531 945 1562 984 οἶ

321 1008 493 1048 ὑπαίτιον
530 1008 586 1054 εἴη
622 1008 727 1057 Κύρῳ
767 1008 882 1058 φίλον
922 1008 1119 1055 γενέσθαι,
1157 1007 1213 1048 ὅτι
1249 1009 1366 1050 ἐδόκει
1399 1010 1415 1049 ὅ
1447 1014 1563 1059 Κῦρος

318 1074 512 1125 προθύμως
540 1080 618 1120 τοῖς
646 1074 959 1124 Λακεδαιμονίοις
992 1075 1073 1115 κτὲ.

400 1142 653 1182 Scribendum
670 1143 774 1192 Κύρῳ
791 1142 904 1194 φίλος
925 1142 1122 1190 γενέσθαι,
1154 1141 1256 1195 quod
1275 1143 1375 1184 ratio
1395 1157 1562 1198 gramm.

399 1210 578 1264 postulat.

317 1279 336 1327 §
367 1278 403 1317 6.

317 1345 455 1384 Ἐλθὼν
490 1345 522 1384 δ’
554 1345 569 1383 5
605 1348 773 1395 Ξενοφῶν
806 1346 962 1394 ἐπήρετο
993 1345 1056 1384 τὸν
1086 1344 1265 1384 Ἀπόλλω
1297 1345 1368 1385 τίνι
1401 1345 1448 1385 ἂν
1474 1346 1560 1385 θεῶν

317 1413 408 1452 θύων
447 1413 511 1452 καὶ
552 1413 757 1462 εὐχόμενος
794 1412 976 1452 κάλλιστ’
1012 1411 1058 1451 ἂν
1096 1412 1160 1451 καὶ
1195 1411 1318 1461 ἄριστ’
1358 1412 1455 1452 ἔλθοι
1493 1414 1561 1458 τὴν

317 1480 396 1519 ὁδὸν
423 1478 466 1532 ᾓν
499 1481 639 1520 ἐπινοεῖ
667 1480 731 1520 καὶ
764 1483 890 1524 καλῶς
920 1479 1070 1529 πράξας
1103 1479 1246 1525 σωθείη.
1301 1480 1374 1520 Καὶ
1412 1481 1562 1521 οένεΐλεν

317 1548 420 1597 αὐτῷ
452 1548 468 1586 5
497 1547 696 1587 Ἀπόλλων
725 1548 818 1591 θεοῖς
847 1545 899 1591 οἷς
929 1546 1000 1587 ἔδει
1030 1547 1138 1587 θύειν.

397 1616 560 1667 Propter
586 1615 722 1654 ultima
750 1614 938 1654 voeabula
969 1615 1062 1657 θεοῖς
1087 1612 1139 1657 οἷς
1163 1613 1234 1653 ἔδει
1263 1614 1359 1653 θύειν
1391 1621 1496 1668 patet
1521 1616 1561 1654 in

394 1683 587 1735 prioribus
614 1682 857 1723 scribendum
884 1696 963 1722 esse
990 1681 1089 1721 τίσιν
1116 1681 1163 1722 ἂν
1191 1682 1277 1722 θεῶν
1306 1682 1386 1722 κτὲ.
1440 1683 1561 1724 Prae-

393 1757 500 1790 terea
536 1751 741 1790 delendum
778 1757 835 1789 est
862 1751 976 1794 θεοῖς,
1015 1750 1118 1802 quod
1145 1756 1247 1789 recte
1276 1751 1380 1789 abest
1406 1751 1445 1789 in
1472 1753 1490 1801 §
1520 1753 1559 1791 8.

394 1819 411 1857 5
442 1819 512 1866 μὲν
536 1819 579 1863 δὴ
607 1821 775 1868 Ξενοφῶν
804 1816 920 1862 οὕτω,
952 1816 1157 1865 θυσάμενος
1187 1814 1239 1861 οἷς
1262 1818 1411 1858 άνεῖλεν
1440 1818 1457 1856 5
1480 1818 1557 1862 θεὸς

394 1886 496 1931 κτὲ.;
527 1885 600 1925 hoc
627 1892 758 1927 autem
785 1884 870 1925 loco
893 1884 985 1936 quid
1008 1884 1193 1938 significet
1216 1884 1308 1924 οὕτω
1333 1899 1411 1925 non
1430 1884 1557 1933 videm

396 1953 554 1994 fortasse
587 1953 724 1993 referri
750 1953 862 1993 debet
892 1952 941 1992 ad
969 1952 1175 2001 θυσάμενος
1204 1959 1243 1993 et
1273 1953 1399 1993 minor
1426 1953 1557 1993 distin-

394 2023 469 2061 ctio
502 2022 545 2075 [‚]
578 2036 656 2061 non
685 2022 870 2074 praeponi
899 2020 966 2061 sed
991 2021 1178 2072 postponi.

311 2093 329 2141 §
361 2090 424 2130 15.

311 2159 379 2198 Ἐκ
414 2158 547 2197 τούτου
576 2157 784 2197 ἀνίσταται
815 2156 880 2196 καὶ
912 2155 1108 2204 συγκαλεῖ
1133 2156 1219 2199 τοὺς
1252 2155 1432 2204 Προξένου
1458 2158 1555 2204 πρῶ-

311 2240 374 2265 τον
401 2225 613 2274 λοχαγούς.

392 2292 524 2343 Quum
566 2296 707 2341 πρῶτον
745 2306 824 2331 non
857 2292 1046 2344 pertineat
1086 2290 1135 2330 ad
1169 2291 1367 2340 λοχαγούς
1404 2291 1471 2331 sed
1506 2291 1556 2331 ad

390 2366 603 2410 συγκαλεῖ,
644 2360 740 2400 ordo
766 2359 974 2402 verborum
1002 2360 1140 2400 leniter
1166 2360 1309 2400 mutari
1335 2359 1466 2407 debet,
1502 2358 1559 2398 sic*

390 2436 435 2469 ut
462 2430 617 2483 legatur
644 2429 708 2468 καὶ
739 2434 935 2477 συγκαλεῖ
960 2432 1102 2478 πρῶτον
1129 2429 1215 2472 τοὺς
1244 2429 1324 2468 κτὲ.

308 2497 328 2547 5
359 2497 424 2537 22.

309 2565 419 2610 ἡμεῖς
453 2565 509 2609 δὲ,
541 2564 656 2606 πόλλ’
684 2565 835 2612 ὁρῶντες
861 2564 1015 2611 άγαθαη,
1051 2567 1207 2613 στερρῶς
1240 2563 1362 2601 αὐτῶν
1389 2560 1554 2609 ἀπειχό-
