1836 3085
906 200 982 238 102

327 327 400 366 hoc
418 325 484 365 tibi
501 323 744 378 persuadeas,
774 336 836 362 me
854 322 906 362 ita
923 328 1188 375 accepturum,
1213 328 1257 362 ut
1277 336 1356 374 non
1377 322 1562 367 honorem

326 405 454 434 meum
480 406 504 432 a
530 398 568 431 te
594 391 839 444 impeditum,
872 389 938 430 sed
969 389 1135 443 gloriani
1164 391 1280 443 spreti
1304 390 1460 432 honoris
1486 406 1563 433 au-

325 468 423 501 ctam
451 459 566 500 cett.’'
608 459 830 513 Legendum
851 459 917 499 ced
939 459 1100 511 qloriam
1122 464 1246 511 apr-eto
1271 459 1409 500 honore
1434 467 1522 502 cett.
1572 476 1574 478 ’

859 621 861 623 v
888 567 1002 607 LXX.

376 664 472 719 Ibid.
500 678 533 704 c.
560 664 624 704 67.
662 652 889 713 „Discordia
926 661 1107 702 ordinum
1142 669 1200 703 est
1233 676 1423 703 venenum
1460 664 1568 704 urbis

320 734 453 782 huius,
490 734 651 772 Patrum
677 737 716 772 et
742 731 866 771 Plebis
898 731 1146 771 certamina?
1197 732 1451 786 Expungatur
1477 732 1560 772 Pa-

324 810 422 839 trum
449 808 485 840 et
511 800 641 840 Plebis
667 800 882 840 certamina.

881 865 1013 906 LXXI.

376 935 470 975 Ibid.
500 950 533 986 c.
566 936 630 975 19.
661 936 794 985 „Haec
818 940 1015 985 precatus,
1048 934 1155 973 velut
1176 935 1385 988 instigante
1402 936 1500 981 Dea,
1530 942 1569 974 et

325 1003 404 1055 ipse
431 1000 604 1055 collegae
630 1006 669 1040 et
695 1000 884 1041 exercitus
909 1000 1093 1041 virtutem
1120 1002 1307 1054 aequavit.
1345 1002 1469 1041 Duces
1496 1001 1567 1041 im-

328 1070 520 1121 peratoria
546 1068 646 1109 etc.'’
689 1068 932 1122 Legendum:
967 1075 1003 1108 et
1033 1069 1112 1121 {pce
1137 1071 1297 1121 collaque
1333 1077 1368 1109 et
1392 1069 1572 1109 exeo-cim

323 1138 494 1178 virtutem
522 1137 693 1191 aequavit
715 1137 826 1176 ducis.
856 1136 986 1176 Duces
1008 1142 1095 1176 cett.

870 1230 1023 1269 LXXH.

377 1311 472 1351 Ibid.
501 1312 542 1352 L.
571 1313 620 1351 X.
646 1325 679 1351 c.
708 1311 773 1352 16.
807 1309 941 1361 „Nihil
968 1309 1116 1358 abesse,
1150 1311 1181 1350 si
1203 1311 1251 1350 sit
1276 1311 1427 1350 animus
1454 1311 1567 1350 Etru-

325 1381 411 1427 scis,
450 1379 517 1431 qui
552 1380 741 1419 Porsenae
779 1378 973 1430 quondam
1005 1377 1288 1430 maioribusque
1319 1392 1453 1418 eorum
1486 1378 1567 1417 fue-

271 1467 274 1469 >
325 1447 376 1486 rit
401 1446 530 1487 cett.'''
559 1445 800 1500 Legendum:
830 1446 863 1485 ei
888 1446 921 1484 is
947 1446 995 1484 sit
1017 1446 1159 1485 animus
1186 1451 1272 1485 cett.

860 1527 1031 1565 LXXIII.

377 1607 472 1648 Ibid.
502 1622 534 1647 e.
566 1608 628 1647 17.
666 1607 757 1657 „Ad
786 1606 1016 1647 Romuleam
1047 1606 1182 1647 urbem
1215 1622 1365 1655 eamus,
1403 1608 1470 1647 ubi
1497 1622 1564 1648 vos

323 1675 432 1714 labor
472 1674 576 1713 haud
608 1675 752 1721 maior,
792 1674 936 1726 praeda
961 1674 1083 1713 maior
1110 1673 1278 1714 manet.”
1321 1674 1563 1728 Legendum:

316 1743 468 1794 praeda
495 1742 609 1780 multo
635 1741 757 1781 maior
783 1749 920 1781 manet.

859 1809 1028 1850 LXXIV.

376 1876 472 1917 Ibid.
502 1889 535 1916 c.
565 1876 629 1915 21.
668 1876 780 1925 „Iam
808 1881 913 1924 tum,
952 1890 1074 1929 quum
1109 1877 1188 1929 ipse
1215 1875 1266 1915 ibi
1299 1889 1388 1916 cum
1416 1875 1566 1930 collega

323 1959 407 1985 rem
434 1944 578 1997 pariter
604 1943 782 1997 gesserit,
822 1942 935 1983 fuisse
962 1950 1112 1983 tantum
1139 1943 1261 1990 bello,
1296 1949 1341 1982 ut
1366 1958 1438 1983 nec
1469 1943 1567 1982 duce

325 2026 420 2061 uno,
436 2024 509 2052 nec
522 2010 693 2051 exercitu
705 2010 791 2064 geri
802 2010 1009 2063 potuerit.''
1025 2011 1126 2065 Lege
1141 2024 1205 2051 nec
1219 2011 1380 2051 exercitu
1392 2024 1466 2051 uno
1478 2016 1564 2051 cett.

870 2080 1021 2121 LXXV.

378 2146 473 2188 Ibid.
503 2150 537 2188 c.‘
566 2147 631 2188 22.
669 2148 874 2200 „Eumque
901 2153 939 2187 et
961 2148 1250 2202 praerogativae
1278 2153 1316 2187 et
1341 2146 1467 2200 primo
1492 2160 1566 2187 vo-

328 2221 433 2256 catae
466 2230 599 2256 omnes
625 2216 819 2256 centuriae
846 2215 1043 2256 consulem
1070 2215 1283 2256 dicebant.''
1323 2217 1425 2269 Lege
1449 2229 1566 2268 prae-

325 2284 504 2338 royativa.

864 2338 1033 2380 LXXVI.

377 2419 472 2460 Ibid.
511 2433 545 2460 ο.
583 2419 647 2460 33.
704 2420 912 2470 „Quarum
952 2433 1085 2459 rerum
1127 2418 1247 2467 fama,
1295 2419 1569 2460 tumultuosior

327 2489 461 2536 etiam,
505 2502 622 2540 quam
658 2502 720 2529 res
756 2494 885 2536 erant,
928 2487 1075 2540 perlata
1102 2488 1266 2528 Romam
1303 2488 1416 2528 cett.''
1466 2487 1566 2539 Lege

328 2569 439 2607 quam
464 2569 507 2597 re
533 2561 626 2597 erat.
