1836 3126
765 186 814 225 97

681 314 891 357 XXXVIII.

226 383 383 425 Fauitur
423 365 647 434 Plutarchus
684 382 850 422 scribens
889 382 928 421 in
969 382 1047 420 vita
1070 381 1250 428 numiui,
1295 395 1326 421 ο.
1360 382 1397 420 2.

174 452 289 493 Οὔπω
325 452 363 491 δὲ
393 451 478 491 τότε
518 451 597 500 περὶ
625 451 686 490 τὸν
717 453 788 490 τῶν
820 449 973 499 Φουρίων
1002 446 1097 488 οἷκον
1128 449 1237 495 οὔσης
1268 449 1395 497 μεγά-

141 523 149 529 '
172 529 240 565 λης
286 519 524 569 ἐπιφανείας,
568 518 680 561 αὐτὸς
723 519 786 567 ἐφ’
830 518 963 556 ἑαυτοῦ
1008 520 1146 565 πρῶτος
1193 518 1243 560 εἰς
1286 517 1396 563 δόξαν

172 588 348 636 προῆλθεν
374 586 451 626 xri.
517 585 571 626 Cf.
600 584 726 625 Livius
751 585 815 625 Π.>
834 584 908 633 39,
942 583 1015 632 43,
1046 582 1128 632 54,
1147 582 1210 623 56.
1247 584 1314 623 111.
1348 584 1391 631 1,
1467 591 1469 594 “

172 655 214 702 4,
245 654 287 702 5,
318 654 390 701 54,
420 654 483 692 56.
526 653 590 693 IV.
623 652 693 699 12,
719 652 791 699 22,
817 651 885 698 25,
914 651 983 698 31,
1019 652 1090 699 35,
1123 653 1194 698 44,
1227 652 1299 698 51,
1326 650 1394 698 52,
1443 645 1445 647 ’

171 722 240 770 54,
272 721 340 769 57,
372 720 436 760 61.
736 748 739 749 ⁷

693 774 865 819 XXXIX.

224 854 450 894 Plutarchus
480 868 681 907 perperam
707 852 923 907 intelligens
950 867 1014 900 ea,
1052 866 1150 906 quae
1177 853 1305 893 scribit
1331 854 1396 892 Li—

170 923 252 963 vius
287 921 352 965 VI.
387 938 419 963 c.
456 922 518 963 23.
554 954 577 972 „
589 922 654 975 qui
689 921 922 963 occasionem
963 920 1217 962 iuvandarum
1252 922 1398 962 ratione

170 991 341 1042 „virium
362 988 548 1030 trahendo
574 989 675 1029 bello
703 988 940 1042 quaerebat'’
966 995 1051 1029 cett.
1080 990 1228 1042 scripsit
1253 991 1292 1029 in
1320 990 1397 1029 vita

168 1057 318 1099 Camilli
344 1071 376 1098 c.
412 1057 483 1098 37:
514 1056 668 1105 ἐξελθὼν
704 1057 742 1096 δὲ
767 1057 830 1096 καὶ
854 1056 1288 1106 παραστρατοπεδεύσας
1317 1062 1394 1101 τοῖς

169 1124 382 1175 πολεμίοις,
424 1125 536 1170 αὐτὸς
568 1124 638 1173 μὲν
673 1123 773 1172 ἠξίου
804 1123 947 1174 τρίβειν
976 1124 1040 1163 τὸν
1070 1123 1234 1172 πόλεμον
1256 1124 1394 1174 χρόνῳ,

169 1193 238 1233 κᾶν
268 1194 298 1232 εἶ
326 1192 460 1242 μάχης
488 1193 629 1238 δεήσειε
656 1192 775 1242 ῥώσας
805 1192 848 1231 τὸ
876 1194 989 1239 σῶμα
1017 1191 1325 1239 διαγωνίσασθαι.

743 1260 819 1299 XL.
946 1295 949 1299 .

222 1327 380 1367 Fallitur
416 1328 643 1368 Plutarchus
678 1327 843 1368 scribens
881 1328 921 1366 in
963 1327 1040 1366 vita
1081 1326 1251 1366 Marcelli
1288 1341 1319 1366 c.
1361 1314 1395 1367 1.

167 1387 321 1446 Μάρκον
344 1395 382 1435 δὲ
394 1394 590 1435 Κλαύδιον.
608 1425 616 1434 .
631 1426 639 1435 .
663 1394 819 1445 Μάρκου
842 1395 910 1443 μὲν
934 1395 1009 1434 υἱὸν
1027 1394 1201 1441 γενέσθαι
1224 1393 1397 1444 λέγουσι,

165 1465 343 1510 κληθῆναι
375 1464 413 1504 δὲ
440 1467 510 1504 τῶν
540 1465 617 1504 ἀπὸ
644 1468 712 1509 τῆς
737 1463 853 1508 οἰκίας
884 1466 1024 1513 πρῶτον
1046 1450 1282 1512 ’Μάρκελλον
1314 1463 1392 1503 κτέ.

166 1530 219 1570 Cf.
250 1531 374 1569 Livius
401 1532 484 1571 VH.
519 1532 580 1570 18.

727 1585 822 1626 XLI.

217 1665 377 1705 Fallitur
411 1636 627 1706 Athenaeus
653 1665 819 1706 scribens
845 1667 929 1706 XII.
965 1680 1001 1718 p.
1029 1666 1120 1705 549.
1159 1666 1392 1709 Ποσειδώνιος
1435 1684 1437 1686 ·
1468 1698 1477 1708 .

164 1735 180 1773 0‘
212 1734 374 1778 Στωϊκὸς
407 1733 723 1781 συναποδημήσας
761 1732 938 1773 Σκιπίωνι
974 1733 1025 1783 τῷ
1053 1734 1269 1785 ’Λφρικανῷ
1302 1743 1393 1779 κλη-

164 1801 258 1842 θέντι
288 1797 659 1851 εἷς”Αλεξοὶνδρειαν
688 1801 751 1841 καὶ
786 1800 1016 1850 θεασάμενος
1045 1802 1107 1861 τὸν
1137 1806 1390 1850 Πτολεμαῖον.

163 1870 344 1923 Scipionis
370 1870 472 1910 enim
495 1869 696 1910 Aemiliani
716 1870 755 1910 in
778 1869 896 1910 nobili
923 1869 1131 1924 legatione,
1162 1884 1278 1923 quam
1306 1877 1393 1910 ante

163 1950 363 1977 censuram
390 1937 496 1986 obiit,
527 1950 605 1978 non
620 1975 622 1977 ,
637 1937 858 1977 Posidonius
892 1937 975 1992 (qui
1000 1937 1069 1977 illo
1095 1944 1265 1991 tempore
1292 1952 1392 1977 non-

162 2005 256 2051 dum
288 2010 400 2046 natus
434 2005 530 2059 erat)
567 2005 630 2045 sed
667 2006 864 2046 Panaetius
904 2004 967 2060 (cf.
997 2006 1071 2047 Cic.
1101 2006 1216 2047 Acad.
1247 2007 1311 2048 IV.
1350 2006 1387 2059 2)

164 2085 288 2113 comes
322 2072 403 2114 fuit.

717 2129 830 2168 XLII.

214 2208 327 2260 Apud
346 2210 492 2249 Livium
516 2211 545 2250 I.
573 2224 605 2250 c.
637 2212 673 2250 2.
726 2212 964 2263 „Fretusque
995 2209 1053 2249 his
1080 2210 1213 2249 animis
1243 2210 1390 2250 coales-

161 2276 326 2316 centium
377 2278 416 2317 in
458 2278 535 2319 dies
579 2279 723 2332 magis.
749 2278 912 2318 duorum
953 2277 1182 2331 populorum
1222 2278 1385 2325 Aeneas,

161 2358 392 2398 quamquam
420 2352 525 2387 tanta
552 2347 696 2400 opibus
709 2348 861 2387 Etruria
888 2352 989 2395 erat,
1010 2347 1172 2386 utiam
1185 2359 1276 2385 .non
1304 2351 1385 2386 ter-

160 2424 222 2451 ras
247 2411 391 2461 solum,
420 2413 485 2454 sed
511 2428 617 2460 mare
639 2416 751 2456 etiam
778 2428 847 2469 per
874 2419 992 2455 totam
1017 2412 1148 2453 Italiae
1175 2412 1385 2467 longitudi-

159 2493 268 2528 nem,
297 2480 344 2520 ab
370 2480 528 2534 Alpibus
555 2483 603 2523 ad
630 2483 769 2524 fretum
793 2483 981 2531 Siculum,
995 2501 998 2505 ·
1012 2482 1113 2522 fama
1139 2482 1302 2521 nominis
1330 2483 1388 2522 sui

160 2545 363 2598 implesset,
376 2547 473 2590 etc.''
490 2549 742 2605 Expungatur
760 2549 970 2605 abAlpilms
993 2551 1045 2591 ad
1055 2548 1201 2603 fremm
1210 2548 1386 2591 Siculum.

1206 2619 1227 2656 7
