1836 3085
936 201 989 240 64

421 326 494 378 leg.
526 323 704 372 ὑπάρξεις
741 324 779 363 in
808 322 923 364 Arist.
953 336 985 362 ο.
1015 324 1050 362 7.
1080 323 1245 370 λέγεταί
1279 339 1456 367 τινα....
1485 329 1579 368 άνα-

418 392 529 430 δόντα
559 392 611 439 τῷ
641 390 852 440 Ἀριστείδη
879 390 923 430 τὸ
953 389 1135 445 ὄστρακον
1171 392 1219 435 ὡς
1250 391 1300 431 ἑνὶ
1338 396 1410 431 τῶν
1441 394 1579 457 duxdu-

416 471 488 497 των
518 462 780 507 παρακαλεῖν,
810 455 908 500 ὅπως
938 456 1171 506 Ἀριστείδην
1197 458 1381 509 ἐγγράψη
1410 459 1487 513 leg.
1512 464 1579 508 ε’γ-

414 525 580 574 γράψεις
611 526 651 565 in
677 527 756 566 Cat.
785 525 878 565 min.
905 539 938 565 c.
961 525 998 565 9.
1028 524 1126 573 ἄγε,
1157 524 1278 571 ὅπως,
1308 524 1335 566 ὦ
1360 527 1576 574 Μουνάτιε,

415 598 462 641 τῇ
505 592 660 643 Ἀτιλία
694 593 762 636 την
792 591 1002 641 ὑπόσχεσιν
1037 593 1255 643 ἐμπεδώσῃς
1292 593 1367 648 leg.
1408 596 1577 647 ἐμπεδώ-

414 675 513 706 σεις;
544 661 583 700 in
608 660 787 714 Ages.,c.
816 660 882 700 37.
913 660 1039 711 ἐκείνῳ
1073 661 1106 701 δ’
1136 661 1364 702 ἐπέστειλαν
1392 662 1478 712 ὁρᾶν
1515 678 1577 703 κε-

412 728 601 780 λεύοντες,
637 726 735 772 ὅπως
767 728 893 780 πράξῃ
926 730 969 769 τὸ
1000 735 1047 779 τῇ
1084 729 1247 780 Σπάρτη
1269 731 1459 781 συμφέρον
1498 730 1575 785 leg.

411 794 561 844 πράξει.
606 795 669 835 Sic
696 796 811 836 etiam
838 796 879 836 in
901 795 1023 836 Anab.
1048 796 1077 835 I.
1104 796 1148 843 3,
1180 798 1244 837 14.
1274 797 1429 847 πέμψαι
1452 798 1575 838 δὲκαὶ

411 864 827 912 προκαταληψομένους
851 864 904 903 τα
931 864 1050 916 ἄκρα,
1077 862 1175 907 ὅπως
1205 866 1260 911 μὴ
1286 864 1462 915 Φθάσωσι
1484 867 1576 915 μήτ’

412 932 429 970 ὁ
461 933 576 980 Κῦρος
605 931 686 971 κτὲ.
717 930 793 985 leg.
822 931 1046 982 φθήσονται.

332 1002 350 1050 §
381 999 446 1039 26.

330 1070 377 1105 ‘O
413 1067 452 1107 δὲ
489 1066 677 1114 βασιλεὺς
719 1068 843 1106 αὐτῶν
882 1067 898 1105 ὁ
935 1068 972 1106 ἐν
1009 1068 1061 1116 τῷ
1100 1066 1232 1114 μόσυνι
1274 1067 1326 1115 τῷ
1365 1068 1426 1105 ἐπ’
1462 1066 1575 1116 ἄκρου

331 1134 620 1183 ᾠκοδομημένῳ,
667 1133 706 1173 ὃν
742 1134 920 1184 τρέφουσι
952 1133 1096 1178 πάντες
1127 1140 1227 1184 κοινῇ
1265 1134 1382 1173 αὐτοῦ
1413 1133 1575 1181 μένοντα

331 1202 395 1240 καὶ
428 1201 701 1252 φυλάττοντα,
732 1202 797 1240 οὐκ
822 1201 950 1246 ἤθελεν
979 1201 1164 1248 ἐξελθεῖν,
1195 1202 1269 1240 οὐδ’
1295 1201 1312 1239 ὁ
1340 1202 1377 1239 ἐν
1408 1202 1459 1250 τῷ
1488 1202 1575 1250 πρό-

330 1283 433 1317 τερον
481 1267 659 1320 αἱρεθέντι
705 1267 829 1317 χωρίῳ
880 1268 973 1307 ἀλλ’
1017 1269 1134 1308 αὐτοῦ
1176 1268 1243 1308 σὺν
1279 1272 1357 1312 τοῖς
1403 1269 1574 1316 μοσύνοις

329 1336 633 1382 κατεκαύθησαν.
1194 1383 1200 1389 θ

411 1405 612 1456 Expuncta
642 1404 920 1456 praepositione
953 1405 1020 1443 σὺν
1057 1403 1265 1457 legendum
1300 1410 1357 1444 est
1383 1405 1475 1443 ἀλλ’
1507 1406 1574 1443 αὐ-

413 1475 492 1510 τοῖν
520 1476 599 1510 τοῖν
626 1471 811 1518 μοσύνοιν.

333 1539 352 1587 §
383 1538 447 1576 29.

331 1603 464 1653 Κάρυα
494 1605 526 1643 δ’
556 1605 618 1643 ἐπὶ
648 1608 721 1643 τῶν
749 1604 947 1652 άνωγαίων
984 1601 1025 1649 ἦν
1055 1604 1185 1643 πολλοὶ
1215 1604 1266 1642 τα
1295 1604 1470 1648 πλατέα,
1511 1607 1576 1643 οὐκ

330 1672 474 1722 ἔχοντα
518 1673 682 1724 διαφυὴν
728 1672 918 1721 οὐδεμίαν.
979 1672 1112 1722 Τούτῳ
1155 1671 1219 1711 καὶ
1269 1671 1438 1722 πλείστῳ
1485 1671 1575 1721 σίτῳ

329 1742 493 1790 ἐχρῶντο
514 1739 670 1790 ἕψοντες
699 1741 763 1780 καὶ
796 1739 931 1787 ἄρτους
959 1741 1161 1784 ὀπτῶντες.
1201 1738 1309 1783 Οἶνος
1331 1740 1363 1779 δ’
1386 1739 1574 1790 εὑρίσκετο

330 1807 370 1851 ὃς
405 1798 569 1858 ἄκρατος
600 1809 671 1856 μὲν
706 1808 792 1855 ὀξὺς
819 1808 991 1858 ἐφαίνετ’
1026 1805 1121 1847 εἶναι
1152 1808 1223 1847 ὑπὸ
1248 1812 1315 1852 τῆς
1343 1808 1574 1856 αὐστηρότη-

332 1889 409 1920 τος·
435 1876 628 1926 κερασθεὶς
657 1876 703 1920 δ’,
734 1876 868 1921 εὐώδης
895 1891 939 1915 τε
968 1875 1032 1915 καὶ
1063 1875 1166 1921 ἡδύς·

413 1942 665 1984 Scribendum
702 1948 759 1983 est
792 1943 980 1991 ἀνώγεων.
1034 1942 1090 1983 Cf.
1125 1942 1260 1982 Suidas
1292 1943 1331 1982 in
1360 1957 1465 1984 vooe.
1521 1945 1576 1983 ne

412 2010 760 2060 ίοτωακερασθείς
773 2066 775 2068 ‚
789 2024 867 2064 qua
893 2010 1026 2050 nullus
1052 2011 1216 2063 scriptor
1237 2011 1385 2051 Atticus
1406 2025 1499 2051 mus
1520 2019 1576 2051 est

414 2093 487 2133 pro
510 2078 656 2128 κραθείς
686 2078 772 2119 vide
799 2092 898 2132 quae
925 2068 1104 2119 annotavi
1131 2077 1180 2118 ad
1206 2078 1292 2120 VII.
1324 2079 1364 2125 1,
1396 2080 1434 2118 8.

330 2149 349 2198 §
380 2146 449 2186 31.
807 2156 813 2162 ·

329 2214 395 2253 Τά
421 2214 460 2253 δὲ
489 2218 662 2254 πλεῖστα
687 2212 807 2253 τοιάδ’
830 2210 872 2258 ἦν
900 2216 973 2252 τῶν
996 2213 1155 2263 χωρίων·
1183 2214 1349 2263 άπεῖχον
1372 2214 1413 2253 αἱ
1443 2214 1573 2257 πόλεις

328 2283 400 2322 ἀπ’
436 2281 618 2327 ἀλλήλων
653 2280 796 2322 στάδια
831 2281 1083 2329 ὀγδοήκοντα,
1121 2282 1162 2321 αἱ
1200 2281 1239 2321 δὲ
1269 2286 1421 2326 πλεῖον,
1459 2282 1500 2322 αἱ
1534 2281 1573 2320 δὲ

328 2355 448 2397 μεῖον.
485 2349 733 2397 ἀναβοώντων
766 2350 798 2389 δ’
827 2350 1009 2395 ἀλλήλων
1036 2350 1233 2396 συνήκουον
1263 2350 1316 2394 εἷς
1350 2351 1418 2395 τὴν
1443 2349 1572 2397 ἑτέραν

328 2419 370 2456 ἐκ
396 2421 465 2462 τῆς
493 2414 623 2466 ἑτέρας
651 2417 808 2462 πόλεως.

410 2485 535 2525 Vertit
561 2484 756 2524 Dindorfi:
792 2486 930 2538 „quod
957 2486 988 2525 si
1011 2499 1153 2540 magna
1179 2500 1273 2526 voce
1299 2485 1570 2532 inclamarent,

414 2565 482 2600 „se
521 2557 657 2592 mutuo
694 2552 741 2592 ab
777 2552 873 2594 urbe
906 2566 985 2594 una
1014 2552 1061 2593 ad
1089 2553 1250 2594 alteram
1278 2550 1569 2592 exaudiebant.'’
