1836 3085
887 220 937 259 52

298 346 457 397 ἔφευγον
501 344 599 383 πολὺ
641 342 695 383 ἔτι
733 344 880 383 θάττον·
922 340 955 382 οἱ
986 343 1024 382 ’δ’
1059 343 1247 389 Ἕλληνες
1285 345 1337 384 τὰ
1382 348 1536 389 ἐναντία

298 413 530 461 στρέψαντες
558 411 723 461 ἔφευγον
750 411 812 450 δια
839 414 905 449 τοῦ
934 414 1110 458 ποταμοῦ
1138 408 1194 450 ὅτι
1223 411 1415 461 τάχιστα.

375 479 522 518 Graece
540 492 619 518 non
636 484 759 531 potest
779 478 853 517 dici
873 476 1051 528 στρέφειν
1069 479 1258 525 τάναντία
1277 493 1403 532 neque
1424 489 1537 523 πλεῖν

375 546 564 585 τάναντία
600 552 670 586 etc.
708 543 772 585 sed
808 544 896 584 addi
931 544 1043 591 debet
1077 546 1304 599 praepositio
1341 549 1408 592 εἰς.
1474 549 1537 588 Sic

375 615 472 654 bene
498 613 642 667 legitur
667 613 707 652 in
730 611 878 653 Hellen.
901 612 952 653 11.
983 613 1026 662 3,
1055 613 1121 655 31.
1151 615 1183 655 εἶ
1212 615 1257 655 δὲ’
1277 615 1353 663 μὴ,
1384 618 1462 659 πῶς
1489 615 1536 655 ἂν

374 679 573 731 ἀφίκοιντό
598 681 684 719 ποτ’
711 678 798 718 ἔνθα
825 679 901 724 δεῖ,
933 680 964 719 εἰ
996 680 1149 720 ἐπειδάν
1176 695 1214 720 τι
1238 681 1448 732 ἀντικόψῃ,
1476 683 1537 721 εὖ·

375 749 436 790 δὺς
469 748 520 790 εἰς
548 746 739 785 τάναντία
766 746 928 786 πλέοιεν.
983 747 1121 787 Nostro
1146 749 1266 802 igitur
1293 749 1378 788 loco
1400 749 1538 803 legen-

374 816 467 855 dum
495 820 553 856 est
583 816 614 856 οἱ
644 815 676 855 δ’
697 814 886 861 ’Έλληνες
921 815 971 859 εἷς
999 815 1079 855 κτὲ.
1139 817 1229 856 Pari
1261 816 1376 858 modo
1403 831 1538 858 emen-

377 883 461 922 dari
484 882 596 922 debet
622 883 730 922 loeus
752 884 800 922 inv
819 881 968 921 Hellen‘.
995 883 1065 922 111.
1096 884 1139 931 4,
1172 885 1236 923 12.
1273 884 1290 922 ὅ
1320 885 1352 923 δ’
1377 885 1538 932 Ἀγησί-

375 960 467 994 λαος
508 951 594 989 ἀντὶ
636 953 703 989 τοῦ
749 949 811 989 ἐπὶ
852 948 994 998 Καρίαν
1038 949 1157 995 ἰέναι,
1204 951 1309 995 εὐθὺς
1351 952 1539 991 τάναντία

377 1017 627 1066 ἀποστρέψας
666 1017 729 1055 ἐπὶ
772 1017 939 1064 Φρυγίας
977 1018 1170 1066 ἐπορεύετο
1210 1019 1286 1072 leg.
1318 1021 1368 1062 εἶς
1400 1020 1541 1058 τάναν-

376 1100 442 1123 τια
472 1099 552 1123 κτε.

807 1220 872 1261 CA
882 1220 925 1260 P.
960 1220 1026 1262 IV.

295 1290 313 1339 5
346 1290 408 1328 10.

293 1356 407 1395 ἐδόκει
436 1357 478 1401 δὴ
506 1361 585 1400 τοῖς
613 1360 844 1404 στρατηγοῖς
873 1356 940 1394 οὐκ
964 1356 1145 1405 ἀσφαλὲς
1177 1353 1271 1394 εἶναι
1298 1356 1539 1402 διασκηνοῦν,

292 1424 400 1462 ἀλλα
424 1429 665 1470 συναγαγεῖν
697 1424 739 1462 τὸ
770 1422 997 1471 στράτευμα
1021 1422 1151 1462 πάλιν.
1185 1424 1379 1462 Ἐντεῦθεν
1400 1428 1537 1469 συνῆλ-

296 1491 366 1530 θον.
398 1490 462 1530 καὶ
492 1490 568 1539 γαρ
598 1488 714 1529 ἐδόκει
744 1488 996 1539 διαιθριάζειν.

378 1556 600 1609 Legendum
635 1562 692 1594 est
727 1555 919 1602 συνάγειν.
980 1556 1154 1595 Aoristus
1188 1557 1239 1596 11.
1277 1563 1316 1596 et
1357 1558 1539 1596 Praesens

375 1625 489 1664 huius
525 1623 631 1663 verbi
672 1636 761 1663 cum
800 1622 1015 1676 compositis
1049 1637 1160 1676 saepe
1197 1637 1220 1663 a
1246 1623 1425 1664 librariis
1441 1638 1539 1664 con-

375 1693 459 1732 fusa
495 1699 598 1733 sunt.
661 1692 723 1732 Sic
755 1690 858 1745 apud
891 1693 1097 1734 Isocratem
1124 1693 1165 1732 in
1192 1692 1368 1745 Philippo
1395 1694 1414 1743 §
1445 1694 1536 1733 108.

373 1762 539 1802 Bekker.
576 1761 769 1809 τοὺςμὲν
807 1760 883 1810 γάρ
916 1761 953 1800 ἐν
988 1766 1067 1805 τοῖς
1100 1760 1264 1807 Ἕλλησι
1300 1761 1464 1801 τοιοῦτόν
1499 1776 1538 1801 τι

374 1827 731 1877 διαπεπραγμένους
773 1827 939 1876 εὕροιμεν
983 1828 1031 1867 ἂν
1063 1830 1104 1867 οὐ
1146 1828 1256 1875 μόνον
1289 1830 1426 1873 αὐτοὺς
1465 1829 1537 1868 διε-

376 1895 633 1946 φθαρμένους,
669 1894 779 1934 ἄλλα
808 1894 873 1933 καὶ
902 1894 944 1933 τὸ
974 1894 1081 1941 γένος
1117 1896 1241 1934 αὐτῶν
1271 1895 1314 1942 ἐξ
1343 1896 1538 1945 ἀνθρώπων

378 1963 653 2014 ἠφανισμένον,
695 1964 832 2002 ἐκεῖνον
869 1962 901 2002 δ’
933 1962 1048 2002 αὐτόν
1082 1964 1119 2001 τ’
1150 1964 1188 2002 ἐν
1223 1963 1440 2014 εὐδαιμονία
1475 1964 1539 2003 τὸν

377 2032 460 2081 βίον
498 2031 705 2079 διάγοντα,
744 2031 796 2081 τῷ
829 2045 873 2070 τε
907 2030 1009 2078 γένει
1045 2029 1316 2071 καταλιπόντα
1346 2031 1426 2071 κτὲ.
1462 2030 1539 2086 leg.

376 2100 639 2149 διαγαγόντας
670 2100 724 2140 sic
750 2099 792 2139 in
812 2099 969 2140 Hellen.
999 2101 1046 2142 V.
1077 2101 1121 2148 2,
1146 2099 1210 2140 30.
1240 2099 1305 2140 καὶ
1326 2102 1435 2147 ὑμεῖς
1457 2101 1489 2140 δ’
1508 2102 1539 2140 οἱ

376 2168 547 2218 λοχαγοί
588 2183 632 2207 τε
673 2168 737 2207 καὶ
777 2168 808 2207 οἱ
850 2168 956 2215 μετὰ
979 2166 1130 2207 ’τούτων
1164 2167 1422 2215 τεταγμένοι,
1460 2167 1540 2207 ‹ivl-

379 2236 542 2281 στασθε,
572 2236 636 2275 καὶ
659 2234 849 2283 λαβόντες
876 2234 1115 2283 ἀπαγάγετε
1146 2237 1276 2275 τοῦτον
1305 2234 1374 2274 ἔνθ’
1398 2235 1541 2285 εἴρηται

381 2304 457 2358 leg.
486 2303 683 2352 ἀπάγετε.

430 2373 668 2412 Postremam
694 2372 808 2413 huius
834 2371 909 2412 loci
926 2377 1075 2424 partem
1097 2371 1152 2412 sic
1171 2372 1285 2412 vertit
1305 2369 1540 2413 Dindorfius:

376 2455 493 2495 quare
519 2455 668 2481 rursum
694 2441 780 2481 inde
801 2448 1044 2481 convenerunt
1071 2440 1206 2493 quippe
1227 2441 1327 2494 quod
1352 2437 1443 2491 {poio
1463 2437 1543 2477 cbe-

378 2512 451 2548 lum
486 2523 655 2550 serenum
693 2510 889 2550 videretur.
954 2509 1151 2561 Perspexit'
1184 2508 1305 2562 igitur
1340 2503 1433 2558 quid
1469 2504 1543 2545 hoo

379 2575 464 2616 loco
490 2577 769 2630 requirebatur.
813 2576 1039 2631 Legendum
1062 2582 1127 2618 est.
1141 2576 1244 2616 enim
1267 2587 1338 2626 pro
1365 2572 1542 2622 διαιθριά-
