1836 3085
893 159 944 198 28

817 279 930 320 CAP.
970 281 1016 321 V.
1065 305 1068 308 r

298 354 317 404 §
346 353 383 391 4.

296 417 403 457 Ἐπεὶ
434 417 473 456 δὲ
498 417 644 456 σκοπῶν
670 416 771 456 οὐδὲν
800 415 964 462 δύναμαι
995 414 1081 454 οὔτε
1110 416 1146 453 σ’
1177 415 1370 455 αἰσθέσθαι
1402 418 1536 466 πειρώ-

295 499 403 533 μενον
430 486 533 532 ἡμᾶς
565 488 797 528 κακοποιεῖν,
827 481 900 530 ἐγώ
923 496 967 521 τε
987 485 1123 533 σαφῶς
1144 479 1229 523 οἶδα
1246 480 1535 534 ὅτι-ἡμεῖςκτὲ.

375 552 522 592 Graece
548 551 687 591 dicitur
714 547 755 589 εὖ
778 554 917 595 ποιεῖν,
948 553 1073 595 κακῶς
1100 555 1217 590 ποιεῖν
1242 549 1346 603 quod
1368 550 1539 590 occurrit

375 634 409 661 e.
424 633 458 660 c.
485 617 606 659 Anab.
631 618 698 660 IV.
723 618 766 666 8,
793 617 830 658 6.
850 618 890 659 .1.
917 618 955 659 4.
983 618 1020 660 8.
1050 619 1098 662 V.
1124 618 1167 668 5,
1194 619 1217 659 9
1242 623 1337 660 etc.:
1368 616 1536 660 scriben-

375 687 467 727 dum
501 692 557 726 est
587 686 708 739 igitur
742 685 782 727 h.
811 685 839 726 1.
877 690 1001 730 κακῶς
1045 691 1179 729 ποιεῖν.
1213 723 1216 727 ,
1245 686 1387 727 Eodem
1423 685 1537 727 modo

373 753 622 808 corrigendus
648 760 706 795 est
731 755 842 795 Mem.
867 754 936 795 ΙΙΙ.
968 754 1011 803 5,
1041 754 1093 794 26
1122 760 1194 795 etc.

295 825 313 873 §
344 822 382 862 6.

291 889 378 933 Τας
414 886 473 929 οὖν
506 889 688 933 τοιαύτας
727 889 1003 936 ἀγνωμοσύνας
1034 889 1188 939 νομίζων
1219 889 1430 933 συνουσίαις
1459 889 1536 937 μοὶ-

291 958 393 997 Mon-⁹
426 955 474 995 ἂν
513 957 726 1001 παύεσθαι,
765 955 839 1002 ἥκω
870 956 935 996 καὶ
969 956 1156 997 διδάσκειν
1186 972 1230 997 σε
1260 956 1453 1005 βούλομαι
1489 959 1536 1002 ὥς

291 1023 336 1064 σὺ
365 1024 455 1072 ἡμῖν
484 1025 550 1064 οὐκ
578 1024 686 1074 ὀρθῶς
714 1024 908 1068 ἀπιστεῖς.

369 1092 532 1131 Ratione
568 1091 697 1131 habita
739 1105 875 1132 eorum
909 1105 1007 1144 quae
1043 1091 1090 1131 de
1131 1106 1204 1132 usu
1235 1092 1448 1145 particulae
1488 1092 1535 1132 ἂν

371 1173 461 1199 cum
483 1158 671 1200 infinitivo
693 1160 842 1213 scripsit
871 1160 919 1201 G.
948 1161 1149 1200 Hermann
1177 1159 1332 1214 (Opusc.
1357 1161 1425 1204 IV.
1457 1160 1535 1200 179

375 1227 497 1281 seqq.)
527 1226 565 1268 h.
583 1228 608 1268 l.
638 1233 886 1282 expungatur
914 1227 974 1267 ἄν.

292 1298 311 1347 §
342 1297 378 1336 9.

293 1364 371 1403 Σὺν
402 1364 471 1411 μὲν
509 1364 585 1413 γαρ
621 1364 676 1403 σοὶ
714 1366 827 1403 πᾶσα
861 1364 931 1412 μὲν
957 1365 1047 1411 ἡμῖν
1077 1363 1155 1407 ὁδὸς
1184 1362 1354 1412 εὔπορος,
1393 1364 1472 1406 ποῖς
1499 1363 1536 1402 δὲ

290 1432 468 1480 ποταμὸς
501 1432 711 1480 διαβατὸς,
747 1435 820 1472 τῶν
849 1432 881 1472 δ’
907 1431 1122 1478 ἐπιτηδείων
1155 1430 1409 1482 οὐκ-ἀπορία·
1449 1429 1539 1471 ἄνευ

293 1499 332 1538 δὲ
373 1503 438 1539 σοῦ
472 1501 585 1539 ποῖσα
612 1500 682 1547 μὲν
713 1501 734 1545 ἧ
764 1500 842 1544 ὁδὸς
874 1500 936 1539 διὰ
963 1499 1132 1543 σκότους·
1171 1499 1272 1539 οὐδὲν
1305 1499 1381 1549 γὰρ
1418 1501 1538 1544 αὐτῆς

294 1564 551 1614 ἐπιστάμεθα·
580 1568 658 1611 ποῖς
684 1566 722 1606 δὲ
751 1566 923 1614 ποταμὸς
957 1566 1134 1615 δύσπορος
1163 1566 1244 1606 κτέ.

373 1636 629 1688 Expungatur
651 1634 837 1674 articulus
854 1634 895 1674 in
918 1636 939 1680 ἡ
966 1634 1068 1680 ὁδὸς,
1094 1634 1205 1674 nulla
1224 1635 1326 1675 enim
1351 1640 1408 1675 est
1426 1648 1541 1675 causa

375 1715 447 1742 cur
483 1701 666 1751 addatur3
710 1716 833 1754 quum
860 1707 899 1742 et
925 1702 966 1741 in
997 1701 1313 1755 praecedentibus
1344 1708 1383 1742 et
1409 1703 1454 1753 in·
1476 1717 1539 1743 se-

374 1770 579 1823 quentibus
605 1776 709 1809 recte
736 1770 843 1810 absit.
900 1771 1021 1809 Porro
1048 1770 1164 1810 simul
1190 1776 1305 1823 atque
1324 1772 1437 1811 πᾶσα
1457 1770 1536 1815 ὁδός

374 1837 620 1877 emendatum
649 1843 721 1886 est,
756 1837 974 1877 luculenter
1000 1844 1160 1890 apparet
1185 1838 1302 1878 verba
1328 1838 1444 1878 οὐδὲν.
1460 1838 1537 1887 γὰρ

374 1907 516 1951 αὐτῆς
549 1904 793 1954 ἐπιστάμεθα
827 1920 909 1946 non
942 1919 965 1946 a
996 1906 1248 1959 Xenophonte
1276 1905 1342 1947 sed
1368 1919 1393 1947 a
1418 1905 1536 1947 sciolo

361 1972 541 2025 *quodam
568 1986 648 2012 esse
676 1972 815 2012 addita.

291 2041 310 2091 §
341 2040 406 2082 10.

290 2109 337 2148 Εἰ
374 2109 412 2149 δὲ
443 2109 486 2155 δὴ
518 2109 582 2148 καὶ
618 2109 802 2157 μανέντες
832 2110 874 2148 σὲ
906 2109 1254 2157 κατακτείναιμεν,
1295 2107 1395 2149 ἄλλο
1421 2123 1459 2148 τι
1490 2108 1538 2148 ἂν

292 2177 314 2222 ἢ
349 2177 412 2216 τὸν
442 2177 642 2227 εὐεργέτην
678 2177 1002 2222 κατακτείναντες
1039 2178 1129 2228 πρὸς
1164 2176 1338 2226 βασιλέα
1374 2177 1444 2217 τὸν.
1467 2177 1538 2226 μέ-

292 2259 424 2291 γιστον
452 2243 604 2294 ἔφεδρον
633 2245 935 2295 ἄγωνιζοίμεθας

373 2308 587 2365 Xenophon
618 2312 766 2353 duabus
797 2313 919 2353 utitur
946 2312 1095 2361 formis,
1134 2312 1196 2353 vel
1227 2312 1435 2354 ἀποκτείνω
1473 2311 1537 2351 vel

371 2379 606 2419 κατακαίνω.
657 2381 760 2419 Haec
787 2380 930 2433 legitur
948 2395 981 2420 e.
999 2395 1032 2420 c.
1058 2381 1195 2433 Cyrop.
1212 2382 1296 2423 VH.
1316 2382 1337 2420 1
1349 2411 1360 2429 ,
1379 2380 1442 2419 13.
1467 2379 1531 2419 19.

374 2446 495 2488 Anab.
520 2448 551 2488 I.
581 2447 627 2496 3,
656 2447 691 2489 6.
724 2448 791 2497 10,
824 2450 860 2490 7.
899 2449 964 2491 VI.
991 2449 1037 2496 2,
1063 2448 1127 2491 26.
1165 2449 1251 2492 VII.
1280 2449 1324 2496 3,
1360 2446 1410 2487 26
1439 2452 1532 2495 etc.;

376 2513 442 2553 illa
463 2515 584 2556 Anab.
614 2517 681 2558 IV.
708 2517 752 2564 2,
778 2516 815 2558 5.
845 2517 912 2558 VI.
938 2516 980 2563 2,
1001 2517 1053 2556 24
1074 2522 1145 2558 etc.
1203 2518 1285 2556 Hoc
1306 2515 1427 2568 igitur
1449 2514 1533 2554 loco
