1836 3085
961 182 1010 221 98

919 302 1054 341 XLIII.

425 374 518 414 Ibid.
537 387 568 413 c.
587 372 623 412 6.
644 371 861 422 „Quoniam
874 370 1018 424 gemini
1030 376 1153 409 essent
1162 400 1172 418 ‚
1188 384 1260 411 nec
1273 372 1404 411 aetatis
1416 385 1601 414 verecun-

371 443 432 482 dia
444 441 645 482 discrimen
668 438 794 479 ffioere
815 443 958 490 posset:
982 443 1027 477 ut
1038 437 1107 485 dii,
1123 449 1289 490 quorum
1306 438 1447 478 tutelae
1458 453 1505 479 ea
1517 439 1601 479 loca

368 512 505 555 essent,
529 504 703 560 auguriis
729 504 922 559 legerent,
952 503 1019 556 qui
1045 517 1187 545 nomen
1212 515 1335 546 novae
1361 505 1449 546 urbi
1474 505 1599 555 daret,

366 576 432 627 qui
459 573 650 614 conditam
675 571 836 624 imperio
857 576 1012 625 regeret
1031 571 1130 611 etc.”
1177 571 1343 627 Legatur
1369 580 1410 612 ut
1436 573 1489 612 dii
1510 587 1600 627 quo-

366 656 450 682 mm
475 642 516 682 in
539 640 654 681 Mela
679 644 751 680 etc.
788 639 1042 693 Expungatur
1070 640 1262 681 conditam.

919 735 1051 776 XLIV.

419 816 514 858 Ibid.
553 830 585 857 c.
624 818 660 856 9.
717 815 873 867 „Urbes
915 828 1084 870 quoque,
1124 822 1169 857 ut
1204 822 1348 866 cetera,
1387 833 1435 859 ex
1474 818 1603 860 infimo

368 886 487 927 nasci:
518 884 655 926 deinde
681 898 777 938 quas
798 898 869 925 sua
886 885 1008 926 virtus
1034 898 1080 925 ac
1106 884 1158 925 dii
1183 885 1331 934 iuvent,
1355 899 1515 940 magnas
1535 887 1605 928 sibi

369 968 459 1007 opes
478 966 741 1008 magumque
762 966 903 994 nomen
925 952 1063 994 facere.
1111 953 1211 994 Satis
1231 953 1347 1003 scire,
1371 954 1510 1008 origini
1522 956 1603 995 Ro-

369 1035 505 1062 manae
531 1027 571 1061 et
596 1021 686 1062 deos
712 1020 878 1062 adfuisse
904 1021 1003 1062 etc.''
1047 1022 1213 1075 Legatur
1234 1023 1330 1062 sciri.

930 1103 1042 1144 XLV.

421 1183 516 1223 Ibid.
559 1197 594 1223 c.
635 1184 695 1223 10.
762 1185 1013 1233 „Exercitum
1053 1183 1181 1224 fundit
1221 1184 1426 1237 fugatque,
1477 1183 1604 1223 fusum

366 1251 629 1303 persequitur3
658 1264 790 1304 regem
812 1252 852 1291 in
875 1250 1021 1304 proelio
1042 1240 1246 1291 obtruncat
1266 1257 1305 1291 et
1323 1251 1476 1304 spoliat:
1506 1250 1604 1306 duce

365 1318 530 1357 hostium
559 1317 702 1365 occiso,
733 1317 868 1357 urbem
896 1318 1021 1370 primo
1043 1317 1189 1370 impetu
1216 1316 1355 1369 capit.”
1393 1318 1604 1370 Expuriga-

367 1393 433 1427 tur
460 1386 627 1427 hostium.

924 1440 1054 1480 XLVI.

424 1520 520 1560 Ibid.
546 1534 578 1560 c.
611 1520 672 1560 16.
730 1519 875 1569 „Illam
913 1519 1072 1559 alteram
1100 1518 1300 1558 admiratio
1326 1519 1398 1558 viri
1423 1525 1463 1558 et
1488 1531 1607 1570 pavor

369 1600 547 1640 praesens
581 1586 816 1627 nobilitavit:
847 1591 885 1625 et
920 1584 1076 1625 consilio
1103 1585 1215 1625 etiam
1256 1585 1371 1625 cett.”
1429 1587 1603 1639 Expung.

290 1687 301 1699 .
370 1656 538 1697 alteram.

914 1704 1064 1750 XLVII.

422 1789 516 1829 Ibid.
547 1802 578 1829 c.
613 1789 675 1828 19.
732 1788 856 1839 ,‚Qui,
885 1800 1007 1842 regno
1028 1789 1081 1828 ita
1102 1788 1264 1842 potitus,
1289 1788 1423 1829 urbem
1446 1800 1604 1834 novam,

370 1856 561 1899 conditam
589 1856 628 1896 vi
654 1861 693 1896 et
719 1856 851 1904 armis,
885 1856 970 1896 iure
1001 1868 1087 1897 eam
1114 1855 1339 1910 legibusque
1365 1870 1410 1897 ac
1437 1856 1607 1897 moribus

370 1925 417 1966 de
444 1925 596 1978 integro
623 1923 791 1964 condere
817 1923 966 1977 parat.”
1023 1924 1100 1964 Pro
1121 1936 1205 1964 eam
1226 1922 1432 1978 legendum
1455 1925 1578 1965 edam.

424 2061 519 2103 Ibid.
548 2075 581 2102 c.
612 2062 675 2101 21.
733 2061 822 2111 „Ita
847 2060 926 2101 duo
951 2060 1128 2114 deinceps
1153 2073 1282 2115 reges,
1312 2060 1410 2102 alius
1432 2060 1507 2100 alia
1525 2061 1602 2108 via,

368 2129 434 2170 ille
466 2128 590 2176 bello,
617 2128 680 2168 hic
711 2141 820 2181 pace,
858 2129 1049 2169 civitatem
1077 2128 1258 2169 auxere.”
1310 2128 1518 2168 Eiiciantur
1545 2128 1607 2166 ille

370 2198 463 2239 bello
491 2197 549 2237 Ιιίσ
566 2209 672 2249 pace.

924 2263 1055 2305 XLIX.

424 2333 519 2374 Ibid.
552 2347 584 2373 c.
625 2333 688 2372 24.
753 2332 1010 2386 „Priusquam
1044 2331 1288 2381 dimicarent,
1325 2332 1460 2380 foedus
1491 2333 1609 2373 ictum

370 2403 470 2442 inter
500 2403 693 2442 Romanos
731 2407 769 2441 et
800 2400 967 2443 Albanos
992 2407 1049 2442 est
1075 2401 1134 2442 his
1158 2400 1327 2456 legibus,
1357 2408 1403 2443 ut
1424 2401 1609 2453 cuiusque

371 2459 502 2522 populi
538 2470 638 2510 cives
673 2483 720 2509 eo
756 2471 963 2511 certamine
990 2470 1183 2519 vicissent,
1213 2471 1244 2511 is
1271 2470 1369 2511 etc.'’
1424 2471 1524 2522 Lege
1550 2476 1605 2517 ut,

373 2538 475 2576 cuius·
491 2539 625 2590 populi
651 2538 744 2578 cives
766 2544 836 2579 etc.
