1836 3123
792 213 841 251 99

787 339 827 379 L.

250 410 347 452 Ibid.
374 424 407 451 ο.
429 410 492 450 25.
549 410 664 459 „lam
691 407 931 460 aliquantum
962 405 1071 458 spatii
1097 420 1145 446 ex
1176 420 1223 446 eo
1250 406 1336 448 loco
1363 407 1429 448 ubi

129 520 131 522 .
199 484 411 532 pugnatum
448 482 523 524 est,
561 475 784 529 aufugerat,
818 487 939 526 quum
975 472 1175 524 respiciens
1203 473 1297 515 vidit
1322 474 1424 514 etc.’'

198 541 928 645 Εκμωεοῐοσουόἰρυιφιαιῖηεει.

814 607 832 645 1

252 677 347 719 Ibid.
375 692 408 718 c.
438 677 501 724 26.
567 674 745 725 „Orabat
763 673 929 721 deinde,
964 687 1014 713 ne
1048 687 1107 721 se,
1146 687 1262 726 quem
1297 675 1428 727 paullo

200 750 288 786 antae
322 758 411 794 cum
445 743 601 796 egregia
631 741 748 794 stirpe
784 740 1085 794 conspexissent,
1128 740 1266 782 orbum
1302 740 1430 783 liberis

200 809 409 853 facerent.”
463 810 556 862 Exp.
587 800 719 850 liberis.
776 863 842 903 Lu

251 946 346 987 Ibid.
374 960 407 986 ο.
437 947 500 986 27.
557 946 735 1000 μείω,
773 951 819 985 ut
848 944 954 997 prius
989 944 1032 984 in-
1062 944 1165 985 beno
1191 958 1344 998 paoem,
1374 934 1427 986 εἰς

199 1014 237 1052 in
271 1027 365 1067 pace
398 1012 543 1053 bellum
571 1026 777 1066 quaerens,
812 1012 902 1066 quia
927 1025 1018 1052 suae
1045 1012 1187 1053 civitati
1213 1013 1428 1054 animorum

198 1081 285 1133 plus
319 1094 435 1132 quam
475 1080 614 1120 virium
660 1080 838 1120 cernebat
876 1093 955 1120 esse
989 1080 1102 1120 cett.”
1168 1082 1335 1135 Legatur
1374 1083 1424 1121 εἰσ

199 1162 293 1188 num
318 1148 358 1187 in
377 1161 475 1200 pace
498 1153 584 1187 cett.

763 1201 861 1241 LIII.

253 1281 348 1322 Ibid.
377 1296 410 1322 c.
438 1282 502 1323 29.
542 1283 738 1335 „Egressis
760 1281 898 1322 urbem
921 1281 1098 1329 Albanis,
1118 1282 1316 1322 Romanus
1343 1296 1432 1335 pas-

200 1350 271 1389 sim
310 1348 463 1401 publica
516 1350 739 1403 privataque
779 1349 908 1389 omnia
956 1355 1057 1390 tecta
1106 1348 1294 1402 adaequat
1332 1350 1430 1399 solo,

200 1431 353 1469 unaque
386 1417 482 1458 hora
518 1418 884 1471 quadringenborum
920 1431 1111 1458 annorum
1144 1432 1259 1469 opus,
1297 1418 1433 1470 quibus

200 1484 298 1524 Alba
324 1489 497 1533 steterat,
526 1484 672 1524 excidio
696 1497 742 1524 ao
763 1484 886 1524 ruinis
911 1483 1051 1524 dedit.”
1072 1514 1075 1518 »
1107 1483 1288 1541 Deleatur
1309 1486 1436 1538 quibus

202 1552 301 1591 Alba
327 1558 488 1592 steterat.

768 1605 863 1647 LIV.

255 1684 347 1725 Ibid.
372 1700 404 1726 c.
430 1685 492 1725 33.
551 1685 763 1733 Postremo,
792 1685 899 1726 omni
924 1684 1027 1725 bello
1053 1685 1186 1725 Latino
1213 1683 1433 1725 Medulliam
1501 1718 1509 1726 .

202 1753 417 1805 compulso,
446 1752 681 1804 aliquamdiu
707 1752 759 1792 ibi
783 1753 904 1792 Marte
930 1753 1096 1800 incerto,
1125 1752 1232 1792 varia
1254 1752 1430 1799 victoria,

202 1826 416 1875 pugnatum
442 1819 538 1861 est.”
595 1821 771 1875 Expung.
800 1820 908 1860 varia
926 1819 1087 1861 thon‘a

778 1929 853 1969 ιν.
878 1985 881 1988 s

254 2022 348 2063 Ibid.
379 2036 412 2062 c.
442 2022 505 2062 40.
564 2024 647 2072 „Ut
671 2023 712 2062 in
738 2022 870 2062 eadem
897 2023 1047 2063 civitate
1072 2028 1159 2074 post
1184 2022 1431 2062 centanimum

202 2090 281 2130 fere
321 2102 487 2138 annum,
529 2102 646 2142 quam
684 2089 891 2139 Romulus,
942 2088 1016 2129 deo
1061 2094 1291 2143 prognatus,
1337 2088 1432 2130 deus

202 2158 300 2209 ipse,
329 2158 494 2197 tenuerit
519 2171 702 2210 regnum,
726 2157 848 2198 donec
874 2157 1049 2197 interris
1074 2156 1209 2204 fuerit,
1237 2156 1278 2197 id
1300 2170 1432 2196 servus

204 2237 312 2264 serva
333 2230 444 2264 natus
471 2224 696 2277 possideat.’‘
752 2222 1065 2279 Expung.'doneo
1086 2225 1126 2266 in
1146 2225 1256 2265 tem-is
1272 2224 1405 2277 fuerit.

779 2334 873 2375 LVI.

258 2425 351 2466 Ibid.
381 2440 414 2467 c.
440 2427 504 2467 45.
561 2428 742 2491 Sabinus,
771 2435 816 2469 ut
840 2429 1010 2482 primum
1036 2433 1126 2480 apta
1147 2425 1225 2466 dies
1250 2426 1433 2468 sacrificio

205 2500 261 2535 est
285 2493 385 2542 visa,
413 2493 549 2536 bovem
571 2496 735 2537 Romam
765 2503 888 2538 actam
924 2495 1077 2537 deducit
1106 2494 1154 2535 ad
1180 2493 1312 2535 fanum
1340 2496 1433 2536 Dia-

206 2574 297 2610 nae,
327 2568 364 2602 et
386 2568 472 2603 ante
494 2576 601 2606 aram
624 2565 792 2607 statuit.’'
840 2564 1004 2619 Legend.
1029 2563 1177 2606 deduxit
1201 2563 1252 2603 ad
1269 2562 1433 2604 Dianae.
