1836 3124
802 210 875 250 101

766 335 898 375 anl.
1383 372 1386 373 γ

202 400 205 402 ’
270 403 365 445 Ibid.
394 418 426 444 c.
457 404 521 444 59.
559 405 690 454 „Tum
724 410 901 457 expressa
935 404 992 443 vis
1023 402 1072 445 ad
1098 403 1366 457 pugnandum,
1407 410 1452 442 ut

216 473 338 513 vietor
362 473 438 513 iam
465 486 489 512 a
509 471 612 512 vallo
636 471 926 514 submoveretur
952 471 1087 511 hostis:
1116 472 1204 512 satis
1225 477 1355 511 tamen
1378 484 1448 524 ap-

215 546 385 593 pareret,
415 539 500 593 capi
519 544 669 579 tantum
690 544 813 578 eastra
839 538 998 578 militem
1020 539 1239 588 Romanum
1259 538 1442 578 noluisse:

215 606 281 647 alii
305 606 473 661 gaudere
498 619 567 646 sua
593 605 700 646 clade
725 612 840 658 atque
865 605 1113 659 ignominia.''
1157 606 1325 659 Legatur
1353 607 1444 647 alio-

145 665 148 667 *
215 676 302 728 quin
326 675 500 727 qaudere.

764 741 895 782 LXIV.

267 808 361 849 Ibid.
390 822 423 849 e.
454 808 517 849 64.
555 809 691 859 „Irata
715 808 822 861 plebs
844 809 1021 848 interesse
1048 808 1208 848 comitiis
1230 807 1444 849 consulari-

213 876 285 915 bus
324 875 457 916 noluit.
514 877 587 915 Per
625 876 755 915 Patres
796 876 1025 928 clientesque
1062 876 1220 915 Patrum
1263 875 1445 915 Consules

159 959 164 963 ¹
213 943 330 984 creati
350 945 392 984 T.
421 944 642 993 Quinctius,
671 944 719 994 Q.
742 944 942 984 Servilius:
973 943 1133 984 similem
1157 956 1302 986 annum
1324 943 1444 996 priori

212 1011 394 1051 Consules
427 1011 586 1059 habent,
620 1011 792 1051 seditiosa
826 1012 954 1059 initia,
990 1011 1093 1051 bello
1120 1011 1254 1051 deinde
1282 1017 1444 1049 externo

212 1077 460 1131 tranquilla.’'
502 1079 687 1132 Legatur:
716 1080 870 1120 similem
889 1094 1028 1120 annum
1038 1080 1164 1132 priori
1189 1078 1358 1119 Consules
1377 1079 1445 1117 Ιια-

213 1147 315 1194 bent,
353 1147 559 1186 seditiosum
587 1148 705 1202 initio,
744 1149 836 1188 bello
862 1148 993 1187 deinde
1020 1155 1170 1187 externo
1191 1148 1441 1200 tranquillum.

772 1217 885 1259 LXV.

262 1282 359 1330 ,Ibid.
389 1284 429 1322 L.
459 1285 527 1324 ΠΙ.
557 1298 589 1324 c.
621 1284 657 1325 5.
687 1286 772 1334 „Ut
797 1298 866 1337 per
891 1299 932 1324 se
957 1285 1028 1337 ipsi
1054 1284 1208 1324 Hernici
1233 1297 1322 1323 oum
1345 1283 1445 1322 Lati-

212 1350 271 1390 nis
297 1363 358 1390 res
379 1364 465 1390 suas
491 1356 720 1393 tutarentur.
763 1352 904 1393 Urbem
930 1353 1144 1392 Romanam
1173 1350 1296 1390 subita
1322 1351 1445 1391 Deum
1518 1352 1525 1358 “

178 1458 183 1460 ,
211 1419 268 1456 ira
290 1418 424 1457 morbo
451 1419 638 1471 populari.
681 1421 934 1473 Expungatur
959 1418 1188 1459 vocabulum
1216 1418 1381 1457 morbo.’'

760 1488 893 1530 LXVI.

287 1552 381 1593 Ibid.
410 1567 443 1593 c.
474 1555 536 1594 10.
575 1585 597 1604 „
607 1555 686 1605 Sic,
713 1569 763 1595 ne
786 1555 878 1608 quid
904 1555 1009 1595 aliud
1035 1561 1164 1595 actum
1190 1560 1346 1608 putent,
1376 1555 1437 1593 vi-

207 1626 306 1660 ctam
344 1620 469 1675 legem
500 1635 597 1671 esse;
636 1622 727 1671 nisi,
765 1622 858 1663 dum
893 1624 933 1663 in
964 1624 1115 1677 integro
1147 1637 1208 1662 res
1239 1623 1306 1670 sit,
1345 1622 1438 1662 dum

206 1687 328 1736 domi,
357 1688 449 1729 dum
475 1690 595 1744 togati
620 1691 713 1739 sint,
742 1698 901 1743 caveant
927 1691 1041 1732 cettss’
1071 1692 1323 1745 Expungatur
1349 1692 1437 1731 dum

205 1759 315 1797 ‘lm'
742 1814 893 1856 van.

257 1892 351 1932 Ibid.
381 1907 413 1933 c.
446 1894 507 1935 18.
547 1893 719 1944 „Eadem
754 1900 865 1935 nocte
894 1901 933 1935 el:
961 1896 1002 1936 in
1034 1894 1244 1935 Tusculum
1274 1894 1321 1935 de
1348 1908 1436 1935 arce

203 1961 460 2013 Capitolioque
490 1970 674 2015 occupato
705 1969 744 2002 εὖ
769 1963 845 2003 alio
876 1963 1050 2004 turbatae
1077 1964 1183 2004 urbis
1209 1969 1310 2004 statu
1335 1978 1435 2025 nun->

205 2027 253 2067 cii
278 2028 476 2070 veniunt?
514 2030 699 2085 Legatur:
728 2032 857 2072 eadem
882 2039 985 2073 nocte
1016 2033 1207 2072 flosculum
1233 2038 1269 2072 et
1286 2033 1333 2072 de
1351 2045 1437 2073 arce

202 2104 313 2148 capta
340 2103 425 2138 cett.

735 2134 903 2196 LXVIII.

254 2231 349 2273 Ibid.
375 2247 408 2274 c.
433 2234 496 2274 20.
531 2235 649 2285 „Non
669 2234 722 2274 ita
748 2235 937 2275 civitatem
964 2249 1120 2289 aegram
1141 2249 1238 2283 esse,
1269 2240 1312 2275 ut
1339 2248 1430 2275 con-

201 2300 315 2341 suetis
340 2301 516 2343 remediis
542 2303 619 2343 sisti
644 2303 797 2357 possit.”
839 2304 1025 2358 Legatur:
1054 2303 1159 2344 Nam
1176 2304 1230 2343 ita
1251 2303 1431 2344 civitatem

202 2383 355 2422 aeyram
377 2384 472 2419 esse,
500 2379 540 2411 ut
561 2373 736 2412 consuetis
759 2373 931 2413 remediis
950 2374 1029 2412 sisti
1053 2388 1127 2413 non
1145 2373 1274 2426 possit.

749 2440 882 2481 LXIX.

249 2504 349 2545 Ibid.
379 2520 412 2545 c.
443 2506 505 2546 21.
548 2507 630 2556 „Te
665 2520 777 2555 vero,
814 2508 854 2548 G.
888 2507 1039 2557 Claudi,
1077 2507 1278 2556 adhortor,
1318 2514 1362 2548 ut
1393 2514 1432 2548 et

202 2571 280 2624 ipse
315 2573 499 2627 populum
531 2575 747 2616 Romanum
773 2574 845 2617 hae
871 2575 1021 2617 lieentia
1049 2590 1194 2618 arceas:
1231 2582 1270 2616 et
1295 2576 1342 2617 de
1368 2591 1429 2618 me
