1836 3085
897 199 974 238 104

317 326 388 372 cis,
420 323 581 363 velletne
609 322 851 362 Clazomenas
878 321 917 359 in
945 320 1124 372 patriam,
1160 322 1189 360 si
1217 322 1308 374 quid
1336 322 1551 372 accidisset,

315 392 456 431 auferri
483 390 582 430 etc.''
625 390 810 441 Expunge
837 389 877 428 in
895 388 1077 440 patriam.

836 455 1022 497 LXXXV.

364 524 477 576 Apud
504 524 578 564 Cic.
608 522 655 562 de
679 522 801 562 Divin.
827 522 876 562 II.
902 521 973 570 59,
1007 522 1095 562 121.
1126 524 1259 572 „Num
1285 524 1404 577 igitur
1431 530 1475 563 ut
1492 524 1553 563 in-

311 592 386 645 epti
417 592 575 634 Veneris
610 590 648 631 id
680 589 848 645 impulsu
883 590 967 631 fieri
999 590 1191 632 malumus
1222 603 1337 644 quam
1372 605 1462 631 casu
1492 591 1550 631 di-

311 660 424 699 cere?
465 659 653 712 Expunge
679 665 729 698 ut.

826 713 1031 754 LXXXVI.

362 780 475 833 Apud
502 780 714 820 Martialem
741 782 772 820 Ι.
807 781 870 821 13.

417 850 502 888 Itur
529 849 578 888 ad
606 848 785 888 Herculei
811 848 928 902 gelidi
955 862 1032 901 qua
1059 848 1208 887 Tiburis
1237 858 1364 897 arces,

441 928 446 939 ¹
470 916 649 968 Canaque
676 915 893 969 sulphureis
919 915 1061 963 Albula,
1088 915 1212 956 fumat
1238 917 1366 969 aquis3

415 986 525 1025 Rura
552 998 764 1037 nemusque
791 998 963 1033 sacrum,
991 984 1204 1037 dilectaque
1225 985 1361 1039 iugera
1382 985 1498 1025 Musis

469 1053 605 1107 Signat
631 1053 755 1093 vicina
782 1058 942 1106 quartus
969 1052 1017 1093 ab
1045 1052 1141 1093 urbe
1168 1052 1283 1107 lapis:

415 1121 485 1160 Hic
507 1119 613 1160 rudis
640 1120 799 1160 aestivas
825 1119 1041 1173 praestabat
1067 1120 1237 1173 porticus
1264 1119 1438 1168 umbras,

469 1189 555 1228 Heu
582 1202 699 1241 quam
725 1202 823 1241 pene
849 1201 994 1228 novum
1021 1189 1189 1241 porticus
1216 1202 1309 1229 ausa
1335 1188 1453 1229 nefas.

415 1257 512 1295 Nam
540 1256 665 1296 subito
693 1256 860 1308 collapsa
886 1257 965 1296 ruit
992 1262 1063 1296 etc.

309 1324 475 1377 Legatur
503 1337 557 1364 vs.
588 1324 612 1363 5
634 1324 760 1376 putris
786 1338 823 1376 p.
854 1325 968 1364 mdis.

820 1393 1044 1434 LXXXVII.

362 1457 455 1497 Ibid.
486 1458 516 1495 I.
544 1458 608 1496 44.
639 1470 693 1497 vs.
726 1458 775 1496 13
805 1472 880 1510 seq.
1079 1489 1082 1495 Δ
1110 1502 1114 1506 .

470 1525 640 1564 Ponatur
667 1524 733 1564 tibi
760 1525 892 1565 nullus
919 1539 1011 1578 aper
1037 1531 1122 1578 post
1149 1524 1239 1565 talia
1268 1524 1384 1564 facta:

525 1591 599 1631 Sed
626 1597 670 1631 tu
695 1592 868 1645 ponaris,
899 1592 961 1631 cui
987 1590 1254 1639 Charidemus,
1284 1604 1391 1644 apro.

307 1663 380 1701 Pro
408 1663 465 1700 cui
492 1660 645 1715 legatur
672 1674 747 1700 ceu.
824 1671 827 1674 ’

801 1716 1042 1757 LXXXVIII.

359 1784 453 1823 Ibid.
483 1785 513 1823 1.
546 1784 635 1823 118.
666 1797 719 1822 vs.
753 1784 815 1823 10.

465 1851 608 1891 Contra
634 1851 802 1893 Caesaris
829 1857 885 1892 est
912 1851 1039 1891 forum
1067 1851 1245 1899 taberna,

467 1914 624 1966 Scriptis
650 1914 819 1966 postibus
845 1914 935 1954 hine
963 1920 1001 1954 et
1028 1914 1116 1953 inde
1144 1915 1247 1961 totis,

467 1977 609 2017 Omnes
637 1982 681 2016 ut
708 1977 783 2017 cito
811 1976 987 2031 perlegas
1014 1983 1144 2030 poetas

466 2040 578 2081 Illinc
605 2054 668 2081 me
694 2047 799 2093 pete3
832 2055 893 2080 me
919 2055 1033 2095 roges
1059 2041 1279 2081 Atrectum:

466 2105 550 2144 Hoc
575 2117 716 2144 nomen
744 2103 921 2145 dominus
947 2110 1057 2160 geret
1085 2104 1282 2153 tabernae3

465 2170 525 2209 De'
547 2170 673 2222 primo
700 2169 804 2210 dabit
830 2176 902 2211 eto.

303 2239 556 2291 Expungatur
584 2251 636 2277 vs.
670 2238 736 2286 143
767 2251 820 2277 vs.
849 2239 898 2278 13
928 2238 1081 2292 legatur
1107 2238 1291 2278 Ata-ectus.

821 2305 1026 2345 LXXXIX.

357 2358 440 2397 Ibid
467 2359 535 2398 III.
564 2359 630 2398 38.
660 2371 713 2398 vs.
734 2360 797 2399 11.

411 2427 520 2466 Atria
547 2440 689 2482 magna
718 2427 861 2477 colam;
891 2429 956 2469 vix
982 2435 1059 2469 tres
1087 2434 1154 2469 aut
1181 2434 1346 2482 quatuor
1374 2428 1443 2468 ista

466 2496 541 2535 Res
568 2496 682 2536 aluit:
713 2497 830 2549 pallet
858 2504 1006 2538 caetera
1033 2497 1147 2538 turba
1175 2497 1286 2538 fame.

306 2562 471 2616 Legatur
497 2579 615 2606 mane.
