1836 3126
837 235 888 276 33

249 362 269 413 5
299 360 362 402 27.

247 431 444 479 Τιμᾶσθαι
477 431 516 472 δὲ
551 431 615 471 καὶ
652 429 920 481 θεραπεύεσθαι
957 427 1059 475 ἠξίου
1091 427 1385 477 ἐπιδεικνύμενος
1420 426 1477 467 ὅτι

248 504 418 541 πλεῖστα
454 500 601 540 δύναιτο
643 498 707 545 καὶ
742 490 857 537 ἐθέλοι
892 495 941 536 ἂν
969 496 1125 536 ἀδικεῖν.
1171 497 1402 551 Εὐεργεσίαν
1439 496 1478 535 δὲ

248 567 477 616 κατέλεγεν,
507 566 619 607 ὁπότε
645 578 703 609 τις
731 565 847 604 αὐτοῦ
877 564 1092 616 ἀφίστατο,
1117 561 1174 603 ὅτι
1198 565 1387 612 χρώμενος
1409 565 1478 603 αύ-

247 635 392 684 τῷόύκ
418 634 615 673 ἀπώλεσεν
643 632 771 672 αὐτόν.

326 703 414 742 Duo
434 701 498 741 hic
519 699 754 741 observanda
775 704 876 741 sunt.
917 700 1090 740 Primum
1112 699 1295 741 eiicienda
1320 705 1377 755 est
1394 713 1482 753 par-

328 768 448 809 ticula
482 767 530 808 ἂν
572 775 670 822 quae·
710 769 934 809 sententiam
974 769 1166 821 pervertit.
1227 770 1349 808 Porro
1384 770 1482 808 scri-

328 835 499 876 bendum
525 843 581 876 est
605 836 718 876 ὖπότε
745 851 803 880 τις
835 837 964 875 αὐτοῦ·
982 835 1212 885 ἄφίσταιτος
1243 851 1364 889 quum
1391 851 1483 876 con-

330 903 474 944 iunctio
500 904 612 945 ὂπότε
639 904 915 958 quotiescunque
939 902 1059 944 soleat
1084 904 1267 958 coniungi
1294 917 1383 943 cum
1404 902 1483 956 Op—

329 972 459 1012 tativo.
515 973 576 1012 Sic
607 979 710 1012 reete
736 973 879 1025 legitur
909 973 950 1011 in
981 972 1101 1011 Anab.
1130 974 1160 1012 1.
1188 972 1233 1020 5,
1266 974 1302 1012 7.
1335 971 1412 1010 ’Ἢν
1444 973 1482 1010 δὲ

330 1039 468 1080 τούτων
494 1043 566 1080 τῶν
591 1041 767 1089 σταθμῶν
791 1039 851 1085 οὓς
874 1039 975 1080 πάνυ
997 1040 1162 1091 μακροὺς
1180 1039 1357 1086 ἤλαυνεν,
1379 1039 1486 1080 ὁπότ’

332 1107 353 1154 ἢ
385 1108 474 1157 πρὸς
507 1108 596 1158 ὕδωρ
630 1109 805 1156 βούλοιτο
836 1108 1054 1148 διατελέσαι
1088 1108 1109 1154 ἢ
1146 1109 1233 1157 πρὸς
1262 1108 1396 1157 χιλόνε,
1436 1108 1486 1149 cf.

331 1174 420 1217 ibid.
450 1176 480 1216 Ι.
507 1176 549 1223 9,
579 1175 643 1216 25.
673 1177 739 1218 IV.
766 1176 808 1223 2,
834 1175 899 1215 25.
929 1175 993 1215 26.
1019 1176 1084 1216 28.
1115 1176 1161 1223 5,
1190 1175 1255 1215 32.
1290 1175 1429 1228 Cyrop.
1454 1176 1486 1215 Ι.

333 1241 377 1291 3,
402 1243 466 1282 17.
497 1245 542 1290 4,
568 1243 605 1283 3.
630 1244 668 1283 4.
695 1242 758 1283 15.
785 1243 831 1291 5,
859 1244 921 1283 10.
953 1243 994 1291 6,
1019 1243 1057 1283 3.
1085 1243 1133 1282 19
1155 1249 1225 1284 ete.
1269 1243 1357 1282 Pari
1375 1242 1489 1282 modo

334 1310 375 1349 in
400 1305 521 1350 Anah.
551 1311 636 1352 VII.
668 1312 703 1358 7,
730 1311 767 1350 6.
796 1310 860 1349 καὶ
888 1310 952 1355 σὺ,
989 1310 1102 1350 ὁπότε
1131 1311 1219 1359 πρὸς
1248 1311 1351 1357 ἡμᾶς
1379 1306 1488 1355 ἦλθες

333 1377 550 1425 πρεσβεύων
578 1378 727 1427 ηὐλίζου
757 1378 823 1417 κτὲ
855 1377 930 1431 leg.
965 1377 1101 1424 ἔλθοις;
1141 1377 1230 1418 ibid.
1255 1379 1322 1421 IV.
1353 1379 1389 1426 7,
1422 1378 1486 1419 16.

332 1443 396 1484 καὶ
423 1443 504 1496 ᾖδον
536 1445 600 1484 καὶ
629 1444 800 1495 ἐχόρευον
833 1445 937 1484 ὁπότ’
964 1446 995 1485 οἱ
1026 1445 1198 1493 πολέμιοι
1230 1445 1388 1495 ὄψεσθαι
1419 1447 1487 1485 αύ-

331 1513 418 1557 τοὺς
446 1512 607 1561 ἔμελλον
635 1514 711 1567 leg.
739 1513 928 1562 μέλλοιεν.

252 1580 271 1631 §
301 1579 365 1619 28.

251 1648 348 1696 Παρ’
376 1647 609 1697 Ἀριστίππῳ
644 1647 713 1695 μὲν
749 1646 804 1687 ἔτι
836 1649 966 1697 ὡραῖος
998 1647 1045 1688 ὢν
1075 1652 1306 1697 στρατηγεῖν
1336 1647 1490 1697 διεπρα-

252 1713 347 1762 ξατο
368 1718 439 1754 τῶν
462 1714 587 1762 ξένων·
616 1714 765 1766 Ἀριαίῳ
784 1715 841 1760 δὲ,
872 1714 1057 1765 βαρβάρῳ
1077 1714 1173 1760 ὄντι,
1202 1714 1259 1754 ὅτι
1282 1715 1487 1764 μειρακίοις

254 1787 387 1826 καλοῖς
416 1782 540 1828 ἥδετο,
567 1782 790 1826 οἰκειότατος
820 1782 875 1822 ἔτι
903 1785 1032 1832 ὡραῖος
1058 1783 1108 1821 ’ὧν
1137 1782 1299 1830 ἐγένετο.

335 1850 522 1904 Expunge
558 1850 743 1903 posterius
774 1849 828 1889 ἔτι
858 1851 987 1899 ὡραῖος
1016 1850 1082 1895 ὢν,
1122 1864 1144 1889 e
1176 1849 1486 1902 praecedentibus

334 1917 460 1968 inepte
488 1918 702 1969 repetitum.

773 2062 961 2081 -ὂθθ-

733 2190 899 2244 hut-ER
937 2192 1016 2243 ΙΙΙ.·

777 2383 891 2423 CAP.
929 2384 961 2425 1.

254 2519 507 2570 ἐνθυμουμένῳ
538 2517 593 2558 ὅτι
618 2519 678 2558 ἐπὶ
710 2524 798 2564 ταῖς
830 2519 1023 2567 βασιλέως
1057 2520 1179 2569 θύραις
1209 2517 1322 2566 ἦσαν,
1360 2522 1486 2573 κύκλῳ

256 2589 288 2627 δ’
322 2590 449 2632 αὐτοῖς
488 2586 611 2633 πάντη
649 2588 777 2628 πολλοὶ
814 2587 876 2627 καὶ
921 2586 1001 2634 ἔθνη
1049 2588 1111 2628 καὶ
1147 2587 1275 2633 πόλεις
1306 2591 1485 2638 πολέμιαι
