1836 3085
892 194 943 231 36

384 316 529 358 Hellen.
556 314 622 357 VI.
644 315 690 363 2,
716 314 780 355 39.
809 315 1182 364 μεγαλοφρονοῦντος
1209 315 1275 365 ἐφ’
1298 315 1419 366 ἑαυτῷ
1449 298 1535 359 roba

383 386 427 425 τό
447 399 517 436 μοι
533 384 636 424 δοκεῖ
657 384 784 433 ἀνδρὸς
809 380 902 423 εἶναι
925 381 1001 435 leg.
1028 380 1137 430 μέγα
1160 385 1400 433 φρονοῦντος,
1427 386 1537 427 Plato

384 453 431 492 de
466 454 561 505 Rep.
596 466 633 505 p.
666 451 743 491 528
771 452 811 491 C.
849 449 984 489 ἔπειτα
1023 450 1087 489 καὶ
1128 451 1350 499 γενομένου,
1391 452 1437 495 ὡς
1462 452 1539 493 ’νῦν

385 519 490 572 ἔχει,
527 520 593 559 οὐκ
622 519 669 559 ἂν
704 518 883 567 πείθοιντο
917 518 948 557 οἱ
980 518 1063 568 περὶ
1094 521 1223 559 ταῦτα
1250 519 1435 570 ζητητικοὶ
1468 535 1538 567 με-

389 587 729 638 γαλοφρονούμενοι
742 587 744 589 ’
757 585 833 639 leg.
851 622 854 625 .
862 586 1241 637 μεγαλαυχούμενοι.

307 658 325 708 §
355 656 420 696 34.

304 724 404 763 “Οτε
439 723 476 763 δὲ
499 723 612 762 ταῦτ’
641 718 705 774 ἦν,
741 722 878 772 σχεδὸν
913 719 1008 768 ἦσαν
1038 722 1157 770 μέσαι
1190 723 1335 768 νύκτες.
1382 725 1540 763 Ἐνταῦ-

307 793 354 831 θα
380 791 460 830 κτὲ.
1551 833 1555 839 ,

390 856 622 911 Xenophon⁴
639 871 849 911 nusquam,
871 858 994 911 fquod
1026 858 1201 907 memini,
1239 872 1330 898 usus
1361 865 1417 899 est
1449 856 1544 904 ἦσαν

390 926 541 970 νύκτες,
580 925 645 965 sed
672 932 717 965 nt
743 940 775 966 e.
800 940 834 966 c.
862 927 893 966 I.
925 928 961 967 7.
993 927 1029 967 1.
1067 923 1108 971 ἦν
1138 926 1220 975 περὶ
1249 926 1373 975 μέσας
1405 927 1544 975 νύκτας

389 999 428 1032 et
454 999 498 1032 nt
519 1007 552 1032 e.
575 1006 608 1032 c.
637 993 687 1032 H.
714 993 760 1040 2,
787 993 824 1033 8.
853 994 959 1043 ἀμφὶ
993 993 1117 1040 μέσας
1146 993 1299 1037 νύκτας.
1352 994 1408 1035 Cf.
1430 1008 1548 1046 porro

389 1061 476 1103 VII.
502 1060 545 1109 3,
573 1060 639 1101 40.
665 1061 710 1109 8,
737 1061 787 1101 12
817 1065 888 1101 ete.
945 1061 1027 1101 Hoc
1058 1060 1177 1115 igitur
1212 1060 1297 1101 loeo
1331 1061 1546 1102 rescriben-

392 1128 485 1168 dum
513 1134 607 1181 puto
638 1126 701 1168 ὅτε
736 1129 774 1168 δὲ
810 1130 922 1169 ταῦτ’
950 1125 1016 1173 ἦν,
1050 1129 1185 1177 σχεδὸν
1213 1125 1255 1173 ἦν
1281 1129 1387 1179 ἀμφὶ
1423 1129 1546 1176 μέσας

390 1196 529 1242 νύκτας
559 1195 638 1235 κτὲ.

310 1265 329 1315 §
359 1262 424 1302 35.

309 1335 367 1369 Εκ
404 1329 537 1369 τούτου
574 1330 681 1378 λέγει
717 1329 809 1370 τάδε
846 1334 1029 1381 Ξενοφῶν·
1079 1330 1206 1370 Ἀλλὰ
1242 1334 1371 1370 ταῦτα
1405 1331 1474 1378 μὲν
1505 1331 1550 1376 δη

312 1397 455 1441 πάντες
495 1398 737 1446 ἐπιστάμεθα
776 1396 831 1438 ὅτι
870 1399 1057 1446 βασιλεὺς
1090 1399 1155 1438 καὶ
1189 1398 1455 1449 Τισσαφέρνης
1489 1397 1550 1443 οὓς

313 1464 382 1512 μὲν
413 1465 636 1510 ἐδυνήθησαν
668 1466 940 1516 συνειλήφασιν
976 1467 1092 1513 ἡμῶν·
1131 1471 1208 1509 τοῖς
1236 1466 1268 1504 δ’
1286 1465 1418 1510 ἄλλοις
1442 1467 1554 1511 δῆλον

314 1530 371 1571 ἔτι
399 1534 480 1573 κτὲ.

398 1601 523 1652 Unica·
546 1600 671 1640 forma
693 1601 822 1640 aoristi
848 1601 954 1640 verbi
981 1600 1145 1648 δύναμαι
1174 1614 1274 1653 quae
1299 1600 1402 1653 apud
1426 1601 1552 1640 Xeno-

395 1669 579 1721 phontem
608 1670 647 1709 in
671 1683 744 1709 usu
763 1675 834 1717 est,
864 1675 920 1709 est
943 1668 1155 1714 ἐδυνάσθην.
1199 1669 1262 1708 Sic
1287 1675 1390 1708 recte
1412 1668 1556 1722 legitur

394 1737 482 1778 VII.
515 1736 556 1785 6,
583 1738 646 1778 20.
677 1736 797 1787 ᾤμην,
837 1734 990 1786 ὦνδρες,
1032 1734 1102 1786 ὅσῳ
1137 1738 1288 1784 μᾶλλον
1324 1736 1556 1787 συμφέροιμι

397 1804 516 1854 τούτῳ
548 1806 615 1850 την
644 1804 733 1844 τότε
762 1805 913 1857 πενίαν,
940 1805 1101 1855 τοσούτῳ
1127 1807 1278 1853 μᾶλλον
1305 1805 1418 1844 αὑτὸν
1441 1804 1554 1855 φίλον

398 1887 460 1920 μοι
491 1871 641 1912 ἔσεσθαι
674 1872 787 1913 ὁπότε
818 1873 1033 1919 δυνασθείη,
1063 1886 1180 1925 porro
1207 1873 1292 1914 VH.
1324 1873 1367 1923 1,
1394 1872 1459 1913 30.
1487 1873 1556 1914 IV.

401 1942 446 1988 8,
484 1940 546 1980 13.
587 1941 725 1994 Cyrop.
755 1942 785 1981 Ι.
819 1941 860 1990 1,
892 1941 928 1981 5.
966 1942 1032 1983 IV.
1063 1942 1108 1990 2,
1136 1941 1198 1980 12.
1234 1940 1276 1989 3,
1309 1941 1373 1980 16.
1411 1940 1455 1989 5,
1490 1940 1557 1980 29.

398 2010 503 2050 V111.
534 2010 577 2057 2,
610 2010 633 2048 9
660 2016 732 2050 etc.
789 2010 870 2049 Hoc
905 2010 1025 2063 igitur
1057 2009 1142 2049 loco
1175 2008 1251 2062 leg.
1281 2008 1555 2054 ἐδυνάσθησαν,

400 2077 454 2116 sic
480 2076 601 2117 Anab.
631 2078 678 2119 V.
711 2077 751 2124 6,
784 2078 821 2118 9.
856 2091 929 2130 pro
955 2078 1130 2124 δυνηθῆτε
1159 2076 1235 2132 leg.
1265 2077 1489 2122 δυνασθῆτε;
1518 2076 1558 2117 in

402 2145 490 2198 Cyr.
520 2146 589 2185 III.
619 2146 662 2193 1,
692 2145 757 2186 30.
782 2145 857 2199 leg.
883 2145 1090 2193 ἐδυνάσθη,
1130 2145 1219 2186 ibid.
1248 2147 1295 2188 V.
1323 2146 1362 2194 1,
1389 2146 1451 2186 11.
1481 2144 1557 2200 leg.

403 2213 597 2259 δυνασθείη
622 2219 693 2254 etc.
736 2213 792 2254 Cf.
816 2213 993 2254 Schneid.
1022 2213 1072 2253 ad
1097 2213 1245 2253 Hellen.
1273 2214 1324 2254 II.
1350 2213 1395 2261 3,
1426 2213 1490 2254 33.

323 2282 341 2333 §
371 2279 436 2321 38.

325 2349 399 2387 Καὶ
441 2352 503 2387 νῦν
548 2350 688 2398 πρῶτον
730 2351 799 2398 μὲν
840 2349 945 2399 οἶμαι
987 2350 1033 2390 ἂν
1072 2351 1173 2399 ὑμᾶς
1208 2350 1317 2398 μέγα
1353 2352 1484 2395 ὀνῆσαι
1518 2349 1561 2387 τὸ

327 2415 573 2466 στράτευμα,
615 2419 646 2458 εἱ
687 2418 997 2467 ἐπιμεληθείητε,
1036 2417 1135 2464 ὅπως
1175 2418 1259 2459 ἀντὶ
1300 2422 1371 2459 τῶν
1412 2418 1563 2456 ἀπολω-

330 2484 446 2523 λότων
474 2487 554 2525 κτὲ.

413 2552 631 2607 Legendum
644 2585 655 2603 ‚
707 2560 751 2594 ut
795 2555 953 2597 tollatur
999 2556 1242 2598 soloecismus
1285 2551 1565 2602 ἐπιμεληθεῖτε·
