1836 3085
904 216 954 253 80

317 342 402 379 τίσιν
439 337 548 384 ἕξεις·
587 337 668 375 ἐπεὶ
701 337 764 375 καὶ
801 339 863 374 νῦν
898 336 965 381 ἤδη
999 337 1096 379 τινές
1129 339 1164 374 tr'
1200 338 1393 378 αἰτιῶνται
1428 338 1484 379 ὅτι
1513 341 1552 379 οὐ

317 408 423 455 ταχὺ
450 405 596 454 ἐξέρπει
623 403 668 443 τὸ
695 402 933 453 στράτευμα.
1307 406 1313 413 ’

396 474 531 524 Inepta
558 477 615 510 est
645 470 896 510 Hutchinsoni
924 471 1119 509 annotatio
1146 470 1195 509 ad
1216 470 1255 511 h.
1277 471 1303 510 l.
1333 484 1450 522 quam
1471 472 1555 512 lau-

396 539 461 580 dat
487 540 709 593 Krflgerus,
747 537 815 590 qui
841 536 959 577 verba
990 538 1030 577 οὐ
1062 537 1169 587 ταχὺ
1195 537 1339 588 ἐξέρπει
1367 539 1556 592 interpre-

395 614 501 648 tatur
526 622 600 647 non
626 606 795 646 celen‘ter
816 607 882 645 sed
901 606 1008 659 quasi
1034 607 1197 659 rependo
1224 606 1299 646 exit
1326 621 1447 660 quum
1474 609 1555 647 Xe—

396 675 551 728 nophon
579 680 731 714 secutus
752 674 801 713 sit
826 673 1034 714 dialectum
1061 675 1259 723 Doricam,
1288 675 1329 715 in
1357 689 1434 728 qua
1455 675 1556 725 ἐξέρ-

388 742 485 782 πειν
516 742 617 782 idem
653 741 780 781 valeat
819 748 934 794 atque
965 743 1006 781 in
1040 742 1167 782 Attica
1199 743 1361 783 dialecto
1394 743 1556 782 verbum

397 808 549 856 ἐξιέναι.
607 808 740 861 Neque
776 822 826 847 ex
857 807 931 847 hoc
956 813 1108 847 tantum
1141 808 1330 850 vocabulo
1356 809 1422 850 sed
1443 809 1557 850 etiam

396 891 445 916 ex
480 876 611 916 multis
651 877 735 916 aliis
775 883 935 929 apparet
968 875 1261 928 Xenophontem
1294 892 1374 918 non
1409 892 1558 931 semper

396 945 511 984 Attici
536 944 723 984 sermonis
749 957 928 1009 normam
955 943 1171 984 observasse
1197 929 1263 984 sed
1287 958 1399 997 saepe
1421 944 1470 984 ab
1496 946 1557 984 Io-

396 1013 509 1052 nibus
540 1013 764 1065 praesertim
797 1012 1057 1065 Doribusque,
1095 1012 1324 1066 quibuscum
1350 1013 1558 1053 maximam

396 1076 495 1120 vitae
523 1087 672 1133 partem
699 1081 901 1134 transegit,
930 1080 1048 1120 verba
1074 1087 1113 1120 et
1139 1080 1282 1121 formas
1303 1095 1383 1121 esse
1404 1086 1558 1121 mutua-

396 1156 493 1189 tum.
537 1148 647 1188 Multi
673 1148 747 1189 hoc
764 1149 842 1189 iam
863 1148 1135 1197 observarunt,
1164 1155 1204 1189 et
1225 1149 1455 1189 recentiores
1473 1163 1507 1190 e.
1524 1163 1557 1189 c.

398 1218 557 1274 Kriiger
579 1216 628 1256 ad
654 1216 776 1256 Anab.
806 1217 876 1256 ΠΙ.
907 1219 950 1265 4,
979 1217 1049 1265 293
1079 1216 1224 1257 Dawes.
1253 1217 1294 1257 in
1320 1216 1422 1258 nise.
1444 1217 1557 1265 Crit.;

397 1285 550 1325 Lobeck
576 1283 626 1324 ad
653 1283 917 1338 Phrynichum
944 1298 982 1337 p.
1010 1285 1080 1333 89,
1105 1284 1187 1325 340
1213 1290 1308 1333 etc„
1338 1290 1377 1324 et
1397 1285 1469 1337 ipsi
1494 1298 1559 1324 ve-

397 1360 497 1392 teres
515 1353 785 1400 Grammatici,
814 1358 859 1391 ut
873 1352 1013 1391 Pollux
1035 1358 1074 1391 et
1089 1352 1225 1391 Suidas
1242 1353 1399 1404 passim,
1424 1352 1561 1392 diserte

399 1426 530 1460 autem
557 1420 754 1460 Helladius
781 1419 885 1473 apud
915 1419 1094 1459 Photium
1121 1418 1181 1459 ed.
1209 1420 1375 1459 Bekkeri
1399 1433 1437 1472 p.
1467 1420 1558 1460 533.

401 1490 431 1527 εἰ
461 1488 500 1528 δὲ
532 1487 595 1527 καὶ
630 1483 799 1539 Ξενοφῶν
835 1488 956 1538 εἴρηκε
992 1489 1078 1532 τοὺς
1108 1493 1253 1536 νομεῖς,
1282 1488 1383 1528 οὐδὲν
1411 1489 1559 1537 θαυμαί-

400 1557 508 1601 στὸν,
538 1557 628 1605 ἀνὴρ
657 1558 694 1595 ἕν
725 1556 944 1605 στρατείαις
969 1556 1170 1606 σχολάζων
1194 1556 1258 1595 καὶ
1288 1556 1416 1603 ξένων·
1433 1564 1560 1596 συνου->

399 1626 500 1669 σίαις
527 1625 563 1663 εἴ
588 1639 675 1664 ‘twa
703 1623 942 1673 παρακόπτει
970 1628 1039 1668 τῆς
1066 1623 1224 1673 ποετ-ρίου
1254 1626 1396 1674 φωνῆς.
1425 1624 1478 1663 διὸ
1505 1638 1560 1663 νο-

397 1693 556 1741 μοθέτην
598 1693 713 1732 αὐτὸν
754 1693 820 1732 οὐκ
858 1690 906 1731 ἄν
948 1706 1006 1736 τις
1049 1692 1279 1740 ἀττικισμοῦ
1320 1690 1558 1741 παραλάβοι.

397 1761 512 1801 Visus
535 1766 665 1800 autem
693 1760 787 1800 mihi
808 1774 894 1799 sum
923 1773 1080 1811 operam
1100 1773 1180 1799 non
1199 1760 1418 1812 perditurus
1439 1760 1470 1799 si
1488 1759 1562 1799 hoc

400 1828 486 1869 loco
511 1828 676 1869 indicem
705 1827 944 1876 exhiberem,
974 1833 1163 1880 quantum
1187 1828 1298 1881 potui
1318 1833 1559 1876 accuratum,

399 1898 574 1936 omnium
615 1897 829 1936 formarum
869 1902 908 1935 et
949 1895 1227 1936 vocabulorum
1268 1897 1487 1937 lonicorum
1524 1903 1562 1936 et

400 1964 646 2012 noricorum,
676 1963 814 2016 quibus
841 1975 933 2003 usus
959 1969 1015 2003 est
1040 1969 1184 2003 noster:

400 2088 576 2136 ἄγαστος
605 2088 650 2127 Α.
666 2089 714 2127 Η.
729 2088 772 2127 Β.
798 2087 837 2141 ')
988 2088 1188 2135 ἀδημονεῖν
1217 2088 1264 2127 Η.

397 2156 593 2206 ἀγήραος-ος
622 2155 663 2195 C.
678 2155 727 2195 M.
744 2155 788 2195 B.
985 2155 1152 2201 ἄκεα-τὴς
1181 2155 1221 2195 C.

397 2223 644 2271 ἆδοιημοσύνη
673 2224 722 2263 Μ.
985 2222 1176 2272 ἀλεξητῆρ
1203 2223 1246 2263 Β.

400 2291 521 2336 ἀδαὴς
551 2292 590 2330 C.
985 2291 1147 2337 ἁλοητὸς
1176 2291 1219 2330 Β.

362 2470 395 2512 ⁴⁴)
417 2471 455 2501 A.
475 2468 553 2514 sign.
573 2468 747 2511 Anabasin3
774 2471 807 2502 C.
828 2470 1063 2516 Cyropaediam3
1089 2472 1128 2503 Η.
1151 2470 1327 2513 Hellenica3
1354 2472 1393 2502 M.
1417 2472 1561 2504 Memora-

319 2521 410 2563 bilia3
441 2524 475 2554 B.
505 2521 625 2569 reliqua
651 2523 808 2568 opuscula.
851 2523 1026 2567 Vocabula,
1047 2524 1163 2570 quibus
1188 2523 1323 2570 praefixa
1348 2530 1394 2557 est
1419 2523 1561 2567 stellula,

318 2581 393 2607 sunt
413 2576 528 2609 Dorica.
