<?xml version="1.0" encoding="UTF-8"?>
<!DOCTYPE html PUBLIC "-//W3C//DTD XHTML 1.0 Transitional//EN"
    "http://www.w3.org/TR/xhtml1/DTD/xhtml1-transitional.dtd">
<html xmlns="http://www.w3.org/1999/xhtml" xml:lang="en" lang="en">
 <head>
  <title>
</title>
<meta http-equiv="Content-Type" content="text/html;charset=utf-8" />
  <meta name='ocr-system' content='tesseract 3.04.00' />
  <meta name='ocr-capabilities' content='ocr_page ocr_carea ocr_par ocr_line ocrx_word'/>
</head>
<body>
  <div class='ocr_page' id='page_1' title='image "4771430_0028.png"; bbox 0 0 1836 3085; ppageno 0'>
   <div class='ocr_carea' id='block_1_1' title="bbox 905 183 952 220">
    <p class='ocr_par' dir='ltr' id='par_1_1' title="bbox 905 183 952 220">
     <span class='ocr_line' id='line_1_1' title="bbox 905 183 952 220; baseline 0.021 -1"><span class='ocrx_word' id='word_1_1' title='bbox 905 183 952 220; x_wconf 91' lang='lat'><strong><em>10</em></strong></span> 
     </span>
    </p>
   </div>
   <div class='ocr_carea' id='block_1_2' title="bbox 305 304 1537 2245">
    <p class='ocr_par' dir='ltr' id='par_1_2' title="bbox 305 304 1537 2245">
     <span class='ocr_line' id='line_1_2' title="bbox 392 304 1536 360; baseline 0.001 -13"><span class='ocrx_word' id='word_1_2' title='bbox 392 307 492 360; x_wconf 89' lang='lat' dir='ltr'><strong>quod</strong></span> <span class='ocrx_word' id='word_1_3' title='bbox 526 321 573 346; x_wconf 84' lang='lat' dir='ltr'><strong><em>ex</em></strong></span> <span class='ocrx_word' id='word_1_4' title='bbox 608 306 780 359; x_wconf 68' lang='lat' dir='ltr'><strong>praeced.</strong></span> <span class='ocrx_word' id='word_1_5' title='bbox 810 304 832 345; x_wconf 78' lang='grc' dir='ltr'><strong><em>δ’</em></strong></span> <span class='ocrx_word' id='word_1_6' title='bbox 849 319 884 344; x_wconf 88' lang='grc' dir='ltr'><strong><em>τι</em></strong></span> <span class='ocrx_word' id='word_1_7' title='bbox 911 306 942 343; x_wconf 82' lang='grc' dir='ltr'><strong><em>οἱ</em></strong></span> <span class='ocrx_word' id='word_1_8' title='bbox 971 305 1083 344; x_wconf 78' lang='grc' dir='ltr'><strong><em>ἄλλοι</em></strong></span> <span class='ocrx_word' id='word_1_9' title='bbox 1112 305 1297 351; x_wconf 80' lang='grc' dir='ltr'><strong><em>Ἕλληνες</em></strong></span> <span class='ocrx_word' id='word_1_10' title='bbox 1335 308 1536 360; x_wconf 78' lang='lat' dir='ltr'><strong>repetitum</strong></span> 
     </span>
     <span class='ocr_line' id='line_1_3' title="bbox 389 373 1533 422; baseline 0.002 -9"><span class='ocrx_word' id='word_1_11' title='bbox 389 381 461 422; x_wconf 86' lang='lat' dir='ltr'>est,</span> <span class='ocrx_word' id='word_1_12' title='bbox 498 380 537 413; x_wconf 84' lang='lat' dir='ltr'><strong><em>et</em></strong></span> <span class='ocrx_word' id='word_1_13' title='bbox 572 374 685 414; x_wconf 80' lang='lat' dir='ltr'><strong>etiam</strong></span> <span class='ocrx_word' id='word_1_14' title='bbox 718 375 757 414; x_wconf 91' lang='lat' dir='ltr'><strong><em>in</em></strong></span> <span class='ocrx_word' id='word_1_15' title='bbox 795 374 836 420; x_wconf 77' lang='grc' dir='ltr'><strong><em>ἢν</em></strong></span> <span class='ocrx_word' id='word_1_16' title='bbox 875 373 943 420; x_wconf 82' lang='grc' dir='ltr'><strong><em>μὲν</em></strong></span> <span class='ocrx_word' id='word_1_17' title='bbox 980 373 1055 421; x_wconf 72' lang='grc' dir='ltr'><strong><em>γάρ</em></strong></span> <span class='ocrx_word' id='word_1_18' title='bbox 1098 373 1342 422; x_wconf 72' lang='grc' dir='ltr'><strong><em>ψηφίσωνται</em></strong></span> <span class='ocrx_word' id='word_1_19' title='bbox 1380 373 1533 415; x_wconf 75' lang='grc' dir='ltr'><strong><em>ἔπεσθαι</em></strong></span> 
     </span>
     <span class='ocr_line' id='line_1_4' title="bbox 386 441 624 481; baseline 0.004 -1"><span class='ocrx_word' id='word_1_20' title='bbox 386 441 483 480; x_wconf 86' lang='lat' dir='ltr'><strong>bene</strong></span> <span class='ocrx_word' id='word_1_21' title='bbox 510 441 624 481; x_wconf 82' lang='lat' dir='ltr'><strong>abest.</strong></span> 
     </span>
     <span class='ocr_line' id='line_1_5' title="bbox 309 507 422 558; baseline 0.018 -12"><span class='ocrx_word' id='word_1_22' title='bbox 309 509 327 558; x_wconf 83' lang='lat'><em>§</em></span> <span class='ocrx_word' id='word_1_23' title='bbox 359 507 422 548; x_wconf 87' lang='lat'><strong><em>15.</em></strong></span> 
     </span>
     <span class='ocr_line' id='line_1_6' title="bbox 307 575 1534 627; baseline -0.001 -13"><span class='ocrx_word' id='word_1_24' title='bbox 307 577 396 623; x_wconf 82' lang='grc' dir='ltr'><strong><em>ὑμῖν</em></strong></span> <span class='ocrx_word' id='word_1_25' title='bbox 425 575 472 627; x_wconf 83' lang='grc' dir='ltr'><strong><em>δ’,</em></strong></span> <span class='ocrx_word' id='word_1_26' title='bbox 499 577 546 620; x_wconf 75' lang='grc' dir='ltr'><strong><em>ὥς</em></strong></span> <span class='ocrx_word' id='word_1_27' title='bbox 568 575 690 623; x_wconf 83' lang='grc' dir='ltr'><strong><em>μόνοις</em></strong></span> <span class='ocrx_word' id='word_1_28' title='bbox 715 575 963 623; x_wconf 76' lang='grc' dir='ltr'><strong><em>πειθομένοις,</em></strong></span> <span class='ocrx_word' id='word_1_29' title='bbox 991 575 1234 620; x_wconf 72' lang='grc' dir='ltr'><strong><em>πιστοτάτοις</em></strong></span> <span class='ocrx_word' id='word_1_30' title='bbox 1259 576 1445 625; x_wconf 74' lang='grc' dir='ltr'><strong><em>χρήσεται</em></strong></span> <span class='ocrx_word' id='word_1_31' title='bbox 1470 576 1534 614; x_wconf 78' lang='grc' dir='ltr'><strong><em>καὶ</em></strong></span> 
     </span>
     <span class='ocr_line' id='line_1_7' title="bbox 305 641 1536 693; baseline 0 -12"><span class='ocrx_word' id='word_1_32' title='bbox 305 643 357 686; x_wconf 79' lang='grc' dir='ltr'><strong><em>εἰς</em></strong></span> <span class='ocrx_word' id='word_1_33' title='bbox 391 643 554 693; x_wconf 79' lang='grc' dir='ltr'><strong><em>φρούρια</em></strong></span> <span class='ocrx_word' id='word_1_34' title='bbox 594 643 658 681; x_wconf 80' lang='grc' dir='ltr'><strong><em>καὶ</em></strong></span> <span class='ocrx_word' id='word_1_35' title='bbox 697 643 749 686; x_wconf 80' lang='grc' dir='ltr'><strong><em>εἷς</em></strong></span> <span class='ocrx_word' id='word_1_36' title='bbox 784 643 998 692; x_wconf 70' lang='grc' dir='ltr'><strong><em>λοχαγίας·</em></strong></span> <span class='ocrx_word' id='word_1_37' title='bbox 1045 644 1110 683; x_wconf 81' lang='grc' dir='ltr'><strong><em>καὶ</em></strong></span> <span class='ocrx_word' id='word_1_38' title='bbox 1147 644 1268 684; x_wconf 61' lang='grc' dir='ltr'><strong><em>ἄλλον</em></strong></span> <span class='ocrx_word' id='word_1_39' title='bbox 1312 641 1449 687; x_wconf 79' lang='grc' dir='ltr'><strong><em>οὗτινος</em></strong></span> <span class='ocrx_word' id='word_1_40' title='bbox 1489 642 1536 682; x_wconf 77' lang='grc' dir='ltr'><strong><em>ἂν</em></strong></span> 
     </span>
     <span class='ocr_line' id='line_1_8' title="bbox 305 703 1199 761; baseline 0.002 -12"><span class='ocrx_word' id='word_1_41' title='bbox 305 709 437 756; x_wconf 88' lang='grc' dir='ltr'><strong><em>δέησθ’,</em></strong></span> <span class='ocrx_word' id='word_1_42' title='bbox 466 707 533 749; x_wconf 77' lang='grc' dir='ltr'><strong><em>οἷδ’</em></strong></span> <span class='ocrx_word' id='word_1_43' title='bbox 560 708 617 748; x_wconf 71' lang='grc' dir='ltr'><strong><em>ὅτι</em></strong></span> <span class='ocrx_word' id='word_1_44' title='bbox 645 710 692 754; x_wconf 78' lang='grc' dir='ltr'><strong><em>ὡς</em></strong></span> <span class='ocrx_word' id='word_1_45' title='bbox 720 709 836 760; x_wconf 81' lang='grc' dir='ltr'><strong><em>φίλου</em></strong></span> <span class='ocrx_word' id='word_1_46' title='bbox 864 703 1046 759; x_wconf 79' lang='grc' dir='ltr'><strong><em>τεύξεσθε</em></strong></span> <span class='ocrx_word' id='word_1_47' title='bbox 1069 711 1199 761; x_wconf 81' lang='grc' dir='ltr'><strong><em>Κύρου.</em></strong></span> 
     </span>
     <span class='ocr_line' id='line_1_9' title="bbox 381 776 1535 830; baseline 0.001 -14"><span class='ocrx_word' id='word_1_48' title='bbox 381 777 415 815; x_wconf 82' lang='grc' dir='ltr'><strong>Α</strong></span> <span class='ocrx_word' id='word_1_49' title='bbox 451 776 616 817; x_wconf 76' lang='lat' dir='ltr'><strong>librariis</strong></span> <span class='ocrx_word' id='word_1_50' title='bbox 647 778 862 830; x_wconf 74' lang='lat' dir='ltr'><strong>saepissime</strong></span> <span class='ocrx_word' id='word_1_51' title='bbox 896 777 1079 818; x_wconf 82' lang='lat' dir='ltr'><strong>confundi</strong></span> <span class='ocrx_word' id='word_1_52' title='bbox 1114 777 1311 826; x_wconf 83' lang='grc' dir='ltr'><strong><em>ἐπειθόμην</em></strong></span> <span class='ocrx_word' id='word_1_53' title='bbox 1348 784 1389 817; x_wconf 80' lang='lat' dir='ltr'><strong><em>et</em></strong></span> <span class='ocrx_word' id='word_1_54' title='bbox 1416 777 1535 817; x_wconf 77' lang='grc' dir='ltr'><strong><em>ἐπιθό-</em></strong></span> 
     </span>
     <span class='ocr_line' id='line_1_10' title="bbox 380 843 1535 898; baseline -0.002 -13"><span class='ocrx_word' id='word_1_55' title='bbox 380 858 456 890; x_wconf 74' lang='grc' dir='ltr'><strong><em>μην</em></strong></span> <span class='ocrx_word' id='word_1_56' title='bbox 497 844 694 885; x_wconf 79' lang='lat' dir='ltr'><strong>annotavit</strong></span> <span class='ocrx_word' id='word_1_57' title='bbox 727 850 767 884; x_wconf 79' lang='lat' dir='ltr'><strong><em>et</em></strong></span> <span class='ocrx_word' id='word_1_58' title='bbox 801 844 932 885; x_wconf 81' lang='lat' dir='ltr'><strong>multis</strong></span> <span class='ocrx_word' id='word_1_59' title='bbox 967 845 1151 898; x_wconf 81' lang='lat' dir='ltr'><strong>exemplis</strong></span> <span class='ocrx_word' id='word_1_60' title='bbox 1182 845 1356 898; x_wconf 78' lang='lat' dir='ltr'><strong>probavit</strong></span> <span class='ocrx_word' id='word_1_61' title='bbox 1396 845 1442 886; x_wconf 89' lang='lat' dir='ltr'><strong><em>V.</em></strong></span> <span class='ocrx_word' id='word_1_62' title='bbox 1480 843 1535 884; x_wconf 92' lang='lat' dir='ltr'><strong><em>Cl.</em></strong></span> 
     </span>
     <span class='ocr_line' id='line_1_11' title="bbox 380 907 1536 966; baseline -0.001 -14"><span class='ocrx_word' id='word_1_63' title='bbox 380 911 498 952; x_wconf 84' lang='lat' dir='ltr'>Cobet</span> <span class='ocrx_word' id='word_1_64' title='bbox 516 912 557 951; x_wconf 91' lang='lat' dir='ltr'><strong><em>in</em></strong></span> <span class='ocrx_word' id='word_1_65' title='bbox 584 918 679 952; x_wconf 83' lang='lat' dir='ltr'><strong>orat.</strong></span> <span class='ocrx_word' id='word_1_66' title='bbox 710 912 841 966; x_wconf 75' lang='lat' dir='ltr'><strong>inaug.</strong></span> <span class='ocrx_word' id='word_1_67' title='bbox 871 927 909 965; x_wconf 93' lang='lat' dir='ltr'><strong><em>p.</em></strong></span> <span class='ocrx_word' id='word_1_68' title='bbox 937 907 995 953; x_wconf 66' lang='grc'><strong><em>95”</em></strong></span> <span class='ocrx_word' id='word_1_69' title='bbox 1011 927 1089 965; x_wconf 77' lang='lat' dir='ltr'><strong>seq.</strong></span> <span class='ocrx_word' id='word_1_70' title='bbox 1139 912 1246 953; x_wconf 86' lang='lat' dir='ltr'><strong>Idem</strong></span> <span class='ocrx_word' id='word_1_71' title='bbox 1267 912 1341 953; x_wconf 83' lang='lat' dir='ltr'><strong><em>hoc</em></strong></span> <span class='ocrx_word' id='word_1_72' title='bbox 1366 912 1453 952; x_wconf 88' lang='lat' dir='ltr'>loco</span> <span class='ocrx_word' id='word_1_73' title='bbox 1470 911 1536 951; x_wconf 93' lang='lat' dir='ltr'><strong><em>ob-</em></strong></span> 
     </span>
     <span class='ocr_line' id='line_1_12' title="bbox 379 978 1537 1031; baseline 0.002 -14"><span class='ocrx_word' id='word_1_74' title='bbox 379 979 484 1017; x_wconf 86' lang='lat' dir='ltr'><strong>tinet.</strong></span> <span class='ocrx_word' id='word_1_75' title='bbox 532 978 754 1031; x_wconf 82' lang='lat' dir='ltr'><strong>Legendum</strong></span> <span class='ocrx_word' id='word_1_76' title='bbox 782 985 839 1018; x_wconf 84' lang='lat' dir='ltr'><strong><em>est</em></strong></span> <span class='ocrx_word' id='word_1_77' title='bbox 866 979 1086 1026; x_wconf 78' lang='grc' dir='ltr'><strong><em>πιθομένοις.</em></strong></span> <span class='ocrx_word' id='word_1_78' title='bbox 1131 978 1275 1018; x_wconf 80' lang='lat' dir='ltr'><strong>Eodem</strong></span> <span class='ocrx_word' id='word_1_79' title='bbox 1299 978 1417 1019; x_wconf 88' lang='lat' dir='ltr'><strong>modo</strong></span> <span class='ocrx_word' id='word_1_80' title='bbox 1443 979 1537 1019; x_wconf 85' lang='lat' dir='ltr'><strong><em>ami-</em></strong></span> 
     </span>
     <span class='ocr_line' id='line_1_13' title="bbox 381 1045 1535 1091; baseline 0.001 -7"><span class='ocrx_word' id='word_1_81' title='bbox 381 1058 448 1085; x_wconf 88' lang='lat' dir='ltr'><strong><em>cus</em></strong></span> <span class='ocrx_word' id='word_1_82' title='bbox 477 1046 643 1084; x_wconf 83' lang='lat' dir='ltr'><strong>correxit</strong></span> <span class='ocrx_word' id='word_1_83' title='bbox 660 1045 800 1085; x_wconf 89' lang='lat' dir='ltr'><strong>Herod.</strong></span> <span class='ocrx_word' id='word_1_84' title='bbox 826 1046 891 1087; x_wconf 80' lang='lat' dir='ltr'><strong><em>Vl.</em></strong></span> <span class='ocrx_word' id='word_1_85' title='bbox 920 1046 1009 1085; x_wconf 83' lang='lat'><strong><em>129.</em></strong></span> <span class='ocrx_word' id='word_1_86' title='bbox 1039 1046 1056 1084; x_wconf 83' lang='grc' dir='ltr'><em>ὂ</em></span> <span class='ocrx_word' id='word_1_87' title='bbox 1078 1045 1340 1091; x_wconf 73' lang='grc' dir='ltr'><strong><em>Ἱπποκλείδης</em></strong></span> <span class='ocrx_word' id='word_1_88' title='bbox 1360 1045 1535 1085; x_wconf 79' lang='grc' dir='ltr'><strong><em>ἐκέλευσε</em></strong></span> 
     </span>
     <span class='ocr_line' id='line_1_14' title="bbox 377 1112 1534 1161; baseline 0 -10"><span class='ocrx_word' id='word_1_89' title='bbox 377 1114 440 1152; x_wconf 84' lang='grc' dir='ltr'><strong><em>τὸν</em></strong></span> <span class='ocrx_word' id='word_1_90' title='bbox 466 1114 635 1158; x_wconf 69' lang='grc' dir='ltr'><strong><em>αὐλητὴν</em></strong></span> <span class='ocrx_word' id='word_1_91' title='bbox 659 1113 828 1158; x_wconf 76' lang='grc' dir='ltr'><strong><em>αὖλῆσαί</em></strong></span> <span class='ocrx_word' id='word_1_92' title='bbox 852 1114 883 1152; x_wconf 87' lang='grc' dir='ltr'><strong><em>οἱ</em></strong></span> <span class='ocrx_word' id='word_1_93' title='bbox 908 1113 1137 1161; x_wconf 83' lang='grc' dir='ltr'><strong><em>ἐμμέλειαν,</em></strong></span> <span class='ocrx_word' id='word_1_94' title='bbox 1167 1112 1382 1160; x_wconf 73' lang='grc' dir='ltr'><strong><em>πειθομένου</em></strong></span> <span class='ocrx_word' id='word_1_95' title='bbox 1407 1113 1445 1152; x_wconf 82' lang='grc' dir='ltr'><strong><em>δὲ</em></strong></span> <span class='ocrx_word' id='word_1_96' title='bbox 1469 1115 1534 1151; x_wconf 81' lang='grc' dir='ltr'><strong><em>τοῦ</em></strong></span> 
     </span>
     <span class='ocr_line' id='line_1_15' title="bbox 376 1178 1534 1228; baseline 0.001 -11"><span class='ocrx_word' id='word_1_97' title='bbox 376 1179 548 1224; x_wconf 82' lang='grc' dir='ltr'><strong><em>αὐλητέω</em></strong></span> <span class='ocrx_word' id='word_1_98' title='bbox 582 1180 774 1228; x_wconf 75' lang='grc' dir='ltr'><strong><em>ὀρχήσατο</em></strong></span> <span class='ocrx_word' id='word_1_99' title='bbox 803 1180 970 1220; x_wconf 83' lang='lat' dir='ltr'><strong>scribens</strong></span> <span class='ocrx_word' id='word_1_100' title='bbox 997 1179 1207 1227; x_wconf 81' lang='grc' dir='ltr'><strong><em>πιθομένου.</em></strong></span> <span class='ocrx_word' id='word_1_101' title='bbox 1249 1178 1389 1219; x_wconf 82' lang='lat' dir='ltr'><strong>Eadem</strong></span> <span class='ocrx_word' id='word_1_102' title='bbox 1416 1178 1534 1219; x_wconf 85' lang='lat' dir='ltr'><strong>medi-</strong></span> 
     </span>
     <span class='ocr_line' id='line_1_16' title="bbox 379 1245 1535 1300; baseline -0.001 -13"><span class='ocrx_word' id='word_1_103' title='bbox 379 1247 464 1287; x_wconf 86' lang='lat' dir='ltr'><strong>cina</strong></span> <span class='ocrx_word' id='word_1_104' title='bbox 490 1248 629 1300; x_wconf 84' lang='lat' dir='ltr'><strong>passim</strong></span> <span class='ocrx_word' id='word_1_105' title='bbox 658 1245 853 1287; x_wconf 71' lang='lat' dir='ltr'><strong><em>afferenda</em></strong></span> <span class='ocrx_word' id='word_1_106' title='bbox 874 1254 931 1287; x_wconf 86' lang='lat' dir='ltr'><strong><em>est</em></strong></span> <span class='ocrx_word' id='word_1_107' title='bbox 952 1247 1084 1287; x_wconf 83' lang='lat' dir='ltr'><strong>multis</strong></span> <span class='ocrx_word' id='word_1_108' title='bbox 1110 1253 1284 1287; x_wconf 77' lang='lat' dir='ltr'>veterum</span> <span class='ocrx_word' id='word_1_109' title='bbox 1306 1247 1535 1300; x_wconf 82' lang='lat' dir='ltr'><strong>scriptorum</strong></span> 
     </span>
     <span class='ocr_line' id='line_1_17' title="bbox 377 1311 1533 1367; baseline 0 -14"><span class='ocrx_word' id='word_1_110' title='bbox 377 1314 486 1362; x_wconf 82' lang='lat' dir='ltr'><strong>locis,</strong></span> <span class='ocrx_word' id='word_1_111' title='bbox 507 1327 674 1366; x_wconf 88' lang='lat' dir='ltr'>quorum</span> <span class='ocrx_word' id='word_1_112' title='bbox 693 1314 901 1354; x_wconf 82' lang='lat' dir='ltr'><strong>nonnullos</strong></span> <span class='ocrx_word' id='word_1_113' title='bbox 922 1314 1109 1354; x_wconf 80' lang='lat' dir='ltr'><strong>indicabo.</strong></span> <span class='ocrx_word' id='word_1_114' title='bbox 1145 1311 1304 1367; x_wconf 80' lang='lat' dir='ltr'><strong>L&#39;egitur</strong></span> <span class='ocrx_word' id='word_1_115' title='bbox 1323 1314 1363 1354; x_wconf 91' lang='lat' dir='ltr'><strong><em>in</em></strong></span> <span class='ocrx_word' id='word_1_116' title='bbox 1386 1313 1533 1354; x_wconf 84' lang='lat' dir='ltr'><strong>Hellen.</strong></span> 
     </span>
     <span class='ocr_line' id='line_1_18' title="bbox 379 1381 1535 1436; baseline 0 -15"><span class='ocrx_word' id='word_1_117' title='bbox 379 1382 409 1421; x_wconf 93' lang='lat' dir='ltr'><strong><em>I.</em></strong></span> <span class='ocrx_word' id='word_1_118' title='bbox 442 1384 478 1430; x_wconf 84' lang='lat'><strong><em>7,</em></strong></span> <span class='ocrx_word' id='word_1_119' title='bbox 505 1381 568 1422; x_wconf 88' lang='grc'><strong><em>19.</em></strong></span> <span class='ocrx_word' id='word_1_120' title='bbox 598 1384 682 1427; x_wconf 83' lang='grc' dir='ltr'><strong><em>οὐκ,</em></strong></span> <span class='ocrx_word' id='word_1_121' title='bbox 711 1381 757 1421; x_wconf 73' lang='grc' dir='ltr'><strong><em>ἂν</em></strong></span> <span class='ocrx_word' id='word_1_122' title='bbox 788 1384 896 1430; x_wconf 80' lang='grc' dir='ltr'><strong><em>ὑμεῖς</em></strong></span> <span class='ocrx_word' id='word_1_123' title='bbox 926 1382 973 1430; x_wconf 70' lang='grc' dir='ltr'><strong><em>γέ</em></strong></span> <span class='ocrx_word' id='word_1_124' title='bbox 1004 1397 1067 1430; x_wconf 87' lang='grc' dir='ltr'><strong><em>μοι</em></strong></span> <span class='ocrx_word' id='word_1_125' title='bbox 1099 1382 1271 1428; x_wconf 80' lang='grc' dir='ltr'><strong><em>πείθησθε</em></strong></span> <span class='ocrx_word' id='word_1_126' title='bbox 1298 1381 1375 1436; x_wconf 86' lang='lat' dir='ltr'><strong>leg.</strong></span> <span class='ocrx_word' id='word_1_127' title='bbox 1404 1382 1535 1428; x_wconf 85' lang='grc' dir='ltr'><strong><em>πίθησ-</em></strong></span> 
     </span>
     <span class='ocr_line' id='line_1_19' title="bbox 382 1448 1534 1500; baseline 0.002 -12"><span class='ocrx_word' id='word_1_128' title='bbox 382 1450 444 1495; x_wconf 74' lang='grc' dir='ltr'><strong><em>θες</em></strong></span> <span class='ocrx_word' id='word_1_129' title='bbox 483 1448 572 1489; x_wconf 89' lang='lat' dir='ltr'><strong>ibid.</strong></span> <span class='ocrx_word' id='word_1_130' title='bbox 603 1451 621 1500; x_wconf 56' lang='grc' dir='ltr'>ᾗ</span> <span class='ocrx_word' id='word_1_131' title='bbox 650 1450 716 1489; x_wconf 90' lang='grc'><strong><em>33.</em></strong></span> <span class='ocrx_word' id='word_1_132' title='bbox 755 1450 863 1489; x_wconf 70' lang='grc' dir='ltr'><strong><em>ἄλλα</em></strong></span> <span class='ocrx_word' id='word_1_133' title='bbox 891 1451 987 1489; x_wconf 88' lang='grc' dir='ltr'><strong><em>πολὺ</em></strong></span> <span class='ocrx_word' id='word_1_134' title='bbox 1017 1449 1311 1499; x_wconf 82' lang='grc' dir='ltr'><strong><em>δικαιότερον...</em></strong></span> <span class='ocrx_word' id='word_1_135' title='bbox 1329 1479 1337 1488; x_wconf 95' lang='grc'><strong>.</strong></span> <span class='ocrx_word' id='word_1_136' title='bbox 1370 1455 1534 1498; x_wconf 79' lang='grc' dir='ltr'><strong><em>πονηροῖς</em></strong></span> 
     </span>
     <span class='ocr_line' id='line_1_20' title="bbox 380 1516 1533 1571; baseline 0 -15"><span class='ocrx_word' id='word_1_137' title='bbox 380 1518 579 1567; x_wconf 75' lang='grc' dir='ltr'><strong><em>ἀνθρώποις</em></strong></span> <span class='ocrx_word' id='word_1_138' title='bbox 612 1518 845 1565; x_wconf 80' lang='grc' dir='ltr'><strong><em>πειθομένους</em></strong></span> <span class='ocrx_word' id='word_1_139' title='bbox 866 1518 941 1571; x_wconf 86' lang='lat' dir='ltr'><strong>leg.</strong></span> <span class='ocrx_word' id='word_1_140' title='bbox 966 1517 1202 1565; x_wconf 71' lang='grc' dir='ltr'><strong><em>πιθομένουςε,</em></strong></span> <span class='ocrx_word' id='word_1_141' title='bbox 1232 1516 1321 1557; x_wconf 87' lang='lat' dir='ltr'><strong>ibid.</strong></span> <span class='ocrx_word' id='word_1_142' title='bbox 1345 1518 1393 1557; x_wconf 90' lang='lat'><strong><em>11.</em></strong></span> <span class='ocrx_word' id='word_1_143' title='bbox 1411 1518 1453 1564; x_wconf 87' lang='lat'><strong><em>4,</em></strong></span> <span class='ocrx_word' id='word_1_144' title='bbox 1470 1518 1533 1557; x_wconf 95' lang='grc'><strong><em>21.</em></strong></span> 
     </span>
     <span class='ocr_line' id='line_1_21' title="bbox 383 1583 1533 1635; baseline -0.001 -11"><span class='ocrx_word' id='word_1_145' title='bbox 383 1586 472 1634; x_wconf 82' lang='grc' dir='ltr'><strong><em>πρὸς</em></strong></span> <span class='ocrx_word' id='word_1_146' title='bbox 513 1586 599 1624; x_wconf 81' lang='grc' dir='ltr'><strong><em>θεῶν</em></strong></span> <span class='ocrx_word' id='word_1_147' title='bbox 633 1585 833 1635; x_wconf 79' lang='grc' dir='ltr'><strong><em>πατρῴων.</em></strong></span> <span class='ocrx_word' id='word_1_148' title='bbox 852 1615 885 1625; x_wconf 92' lang='grc'><strong><em>..</em></strong></span> <span class='ocrx_word' id='word_1_149' title='bbox 903 1614 914 1625; x_wconf 90' lang='grc'><strong>.</strong></span> <span class='ocrx_word' id='word_1_150' title='bbox 946 1586 1146 1624; x_wconf 73' lang='grc' dir='ltr'><strong><em>παύσασθε</em></strong></span> <span class='ocrx_word' id='word_1_151' title='bbox 1171 1583 1454 1633; x_wconf 71' lang='grc' dir='ltr'><strong><em>ἁμαρτάνοντες</em></strong></span> <span class='ocrx_word' id='word_1_152' title='bbox 1483 1585 1533 1628; x_wconf 79' lang='grc' dir='ltr'><strong><em>εἰς</em></strong></span> 
     </span>
     <span class='ocr_line' id='line_1_22' title="bbox 381 1651 1533 1706; baseline 0.001 -15"><span class='ocrx_word' id='word_1_153' title='bbox 381 1654 448 1697; x_wconf 79' lang='grc' dir='ltr'><strong><em>την</em></strong></span> <span class='ocrx_word' id='word_1_154' title='bbox 482 1653 649 1702; x_wconf 76' lang='grc' dir='ltr'><strong><em>πατρίδα</em></strong></span> <span class='ocrx_word' id='word_1_155' title='bbox 679 1653 743 1692; x_wconf 75' lang='grc' dir='ltr'><strong><em>καὶ</em></strong></span> <span class='ocrx_word' id='word_1_156' title='bbox 772 1654 826 1701; x_wconf 75' lang='grc' dir='ltr'><strong><em>μη</em></strong></span> <span class='ocrx_word' id='word_1_157' title='bbox 854 1653 1022 1693; x_wconf 83' lang='grc' dir='ltr'><strong><em>πείθεσθε</em></strong></span> <span class='ocrx_word' id='word_1_158' title='bbox 1051 1658 1129 1697; x_wconf 81' lang='grc' dir='ltr'><strong><em>τοῖς</em></strong></span> <span class='ocrx_word' id='word_1_159' title='bbox 1159 1651 1422 1696; x_wconf 69' lang='grc' dir='ltr'><strong><em>ἀνοσιωτάτοις</em></strong></span> <span class='ocrx_word' id='word_1_160' title='bbox 1458 1652 1533 1706; x_wconf 89' lang='lat' dir='ltr'><strong>leg.</strong></span> 
     </span>
     <span class='ocr_line' id='line_1_23' title="bbox 379 1720 1533 1774; baseline 0 -15"><span class='ocrx_word' id='word_1_161' title='bbox 379 1720 550 1766; x_wconf 72' lang='grc' dir='ltr'><strong><em>πίθεσθεε,</em></strong></span> <span class='ocrx_word' id='word_1_162' title='bbox 581 1721 620 1760; x_wconf 90' lang='lat' dir='ltr'><strong><em>in</em></strong></span> <span class='ocrx_word' id='word_1_163' title='bbox 648 1721 788 1774; x_wconf 81' lang='lat' dir='ltr'><strong>Cyrop.</strong></span> <span class='ocrx_word' id='word_1_164' title='bbox 817 1722 867 1761; x_wconf 89' lang='lat'><strong><em>11.</em></strong></span> <span class='ocrx_word' id='word_1_165' title='bbox 894 1722 936 1768; x_wconf 90' lang='grc'><strong><em>2,</em></strong></span> <span class='ocrx_word' id='word_1_166' title='bbox 960 1720 1022 1760; x_wconf 88' lang='grc'><strong><em>15.</em></strong></span> <span class='ocrx_word' id='word_1_167' title='bbox 1053 1722 1095 1763; x_wconf 78' lang='grc' dir='ltr'><strong><em>ἐκ</em></strong></span> <span class='ocrx_word' id='word_1_168' title='bbox 1114 1720 1285 1760; x_wconf 84' lang='grc' dir='ltr'><strong><em>τούτουὸ</em></strong></span> <span class='ocrx_word' id='word_1_169' title='bbox 1311 1720 1533 1766; x_wconf 70' lang='grc' dir='ltr'><strong><em>Ὑστάσπης</em></strong></span> 
     </span>
     <span class='ocr_line' id='line_1_24' title="bbox 382 1786 1532 1838; baseline 0 -11"><span class='ocrx_word' id='word_1_170' title='bbox 382 1786 449 1827; x_wconf 79' lang='grc' dir='ltr'><strong><em>ὧδέ</em></strong></span> <span class='ocrx_word' id='word_1_171' title='bbox 484 1803 561 1832; x_wconf 90' lang='grc' dir='ltr'><strong><em>πως</em></strong></span> <span class='ocrx_word' id='word_1_172' title='bbox 601 1786 698 1828; x_wconf 80' lang='grc' dir='ltr'><strong><em>εἶπε·</em></strong></span> <span class='ocrx_word' id='word_1_173' title='bbox 745 1789 828 1833; x_wconf 88' lang='grc' dir='ltr'><strong><em>Σὺ,</em></strong></span> <span class='ocrx_word' id='word_1_174' title='bbox 874 1787 972 1838; x_wconf 83' lang='grc' dir='ltr'><strong><em>ἔφη,</em></strong></span> <span class='ocrx_word' id='word_1_175' title='bbox 1016 1786 1042 1827; x_wconf 84' lang='grc' dir='ltr'><em>ὦ</em></span> <span class='ocrx_word' id='word_1_176' title='bbox 1077 1787 1327 1835; x_wconf 74' lang='grc' dir='ltr'><strong><em>Ἀγλαϊτάδα</em></strong></span> <span class='ocrx_word' id='word_1_177' title='bbox 1368 1788 1409 1834; x_wconf 78' lang='grc' dir='ltr'><strong><em>ἢν</em></strong></span> <span class='ocrx_word' id='word_1_178' title='bbox 1453 1789 1532 1836; x_wconf 74' lang='grc' dir='ltr'><strong><em>ἐμοὶ</em></strong></span> 
     </span>
     <span class='ocr_line' id='line_1_25' title="bbox 382 1856 1301 1909; baseline -0.001 -14"><span class='ocrx_word' id='word_1_179' title='bbox 382 1856 489 1905; x_wconf 79' lang='grc' dir='ltr'><strong><em>πείθη</em></strong></span> <span class='ocrx_word' id='word_1_180' title='bbox 516 1856 591 1909; x_wconf 88' lang='lat' dir='ltr'><strong>leg.</strong></span> <span class='ocrx_word' id='word_1_181' title='bbox 622 1856 721 1905; x_wconf 70' lang='grc' dir='ltr'><strong><em>πίθῃ.</em></strong></span> <span class='ocrx_word' id='word_1_182' title='bbox 779 1856 841 1895; x_wconf 82' lang='lat' dir='ltr'><strong><em>Sic</em></strong></span> <span class='ocrx_word' id='word_1_183' title='bbox 869 1856 908 1895; x_wconf 93' lang='lat' dir='ltr'><strong><em>in</em></strong></span> <span class='ocrx_word' id='word_1_184' title='bbox 937 1856 1086 1895; x_wconf 77' lang='lat' dir='ltr'><strong>Thesm.</strong></span> <span class='ocrx_word' id='word_1_185' title='bbox 1116 1869 1153 1895; x_wconf 90' lang='lat' dir='ltr'><strong><em>v.</em></strong></span> <span class='ocrx_word' id='word_1_186' title='bbox 1185 1856 1301 1895; x_wconf 88' lang='lat'>1166.</span> 
     </span>
     <span class='ocr_line' id='line_1_26' title="bbox 559 1928 1353 1974; baseline 0.003 -9"><span class='ocrx_word' id='word_1_187' title='bbox 559 1930 595 1970; x_wconf 71' lang='grc' dir='ltr'><strong><em>ἢν</em></strong></span> <span class='ocrx_word' id='word_1_188' title='bbox 620 1928 674 1966; x_wconf 69' lang='grc' dir='ltr'><strong><em>οὖν</em></strong></span> <span class='ocrx_word' id='word_1_189' title='bbox 698 1933 884 1974; x_wconf 78' lang='grc' dir='ltr'><strong><em>κομίσωμαι</em></strong></span> <span class='ocrx_word' id='word_1_190' title='bbox 910 1933 1052 1971; x_wconf 81' lang='grc' dir='ltr'><strong><em>τοῦτον,</em></strong></span> <span class='ocrx_word' id='word_1_191' title='bbox 1081 1930 1173 1967; x_wconf 68' lang='grc' dir='ltr'><strong><em>οῦδὲν</em></strong></span> <span class='ocrx_word' id='word_1_192' title='bbox 1197 1932 1243 1974; x_wconf 74' lang='grc' dir='ltr'><strong><em>μή</em></strong></span> <span class='ocrx_word' id='word_1_193' title='bbox 1267 1944 1353 1967; x_wconf 84' lang='grc' dir='ltr'><strong><em>ποτε</em></strong></span> 
     </span>
     <span class='ocr_line' id='line_1_27' title="bbox 558 1989 1326 2033; baseline 0.001 -10"><span class='ocrx_word' id='word_1_194' title='bbox 558 1991 669 2030; x_wconf 75' lang='grc' dir='ltr'><strong><em>κακῶς</em></strong></span> <span class='ocrx_word' id='word_1_195' title='bbox 695 1989 870 2029; x_wconf 75' lang='grc' dir='ltr'><strong><em>ἀκούσητ’·</em></strong></span> <span class='ocrx_word' id='word_1_196' title='bbox 896 1989 932 2028; x_wconf 71' lang='grc' dir='ltr'><strong><em>ἢν</em></strong></span> <span class='ocrx_word' id='word_1_197' title='bbox 956 1989 994 2024; x_wconf 76' lang='grc' dir='ltr'><strong><em>δὲ</em></strong></span> <span class='ocrx_word' id='word_1_198' title='bbox 1018 1993 1063 2033; x_wconf 75' lang='grc' dir='ltr'><strong><em>μῆ</em></strong></span> <span class='ocrx_word' id='word_1_199' title='bbox 1089 1989 1239 2028; x_wconf 79' lang='grc' dir='ltr'><strong><em>πείθησθέ</em></strong></span> <span class='ocrx_word' id='word_1_200' title='bbox 1260 2003 1326 2033; x_wconf 79' lang='grc' dir='ltr'><strong><em>μοι.</em></strong></span> 
     </span>
     <span class='ocr_line' id='line_1_28' title="bbox 380 2055 1530 2110; baseline 0 -15"><span class='ocrx_word' id='word_1_201' title='bbox 380 2056 455 2110; x_wconf 87' lang='lat' dir='ltr'><strong>leg.</strong></span> <span class='ocrx_word' id='word_1_202' title='bbox 485 2056 659 2102; x_wconf 86' lang='grc' dir='ltr'><strong><em>πίθησθε;</em></strong></span> <span class='ocrx_word' id='word_1_203' title='bbox 688 2056 728 2095; x_wconf 90' lang='lat' dir='ltr'><strong><em>in</em></strong></span> <span class='ocrx_word' id='word_1_204' title='bbox 751 2057 869 2096; x_wconf 86' lang='lat' dir='ltr'><strong>Ranis</strong></span> <span class='ocrx_word' id='word_1_205' title='bbox 897 2070 932 2096; x_wconf 91' lang='lat' dir='ltr'><strong><em>v.</em></strong></span> <span class='ocrx_word' id='word_1_206' title='bbox 954 2056 1061 2097; x_wconf 85' lang='lat'>1134</span> <span class='ocrx_word' id='word_1_207' title='bbox 1084 2055 1160 2110; x_wconf 83' lang='lat' dir='ltr'><strong>leg.</strong></span> <span class='ocrx_word' id='word_1_208' title='bbox 1186 2056 1251 2096; x_wconf 82' lang='grc' dir='ltr'><strong><em>εὀὶν</em></strong></span> <span class='ocrx_word' id='word_1_209' title='bbox 1269 2055 1356 2106; x_wconf 79' lang='grc' dir='ltr'><strong><em>πίθη</em></strong></span> <span class='ocrx_word' id='word_1_210' title='bbox 1373 2058 1414 2103; x_wconf 76' lang='lat' dir='ltr'><strong><em>y&#39;</em></strong></span> <span class='ocrx_word' id='word_1_211' title='bbox 1432 2056 1515 2104; x_wconf 85' lang='grc' dir='ltr'><strong><em>ἐμοί</em></strong></span> <span class='ocrx_word' id='word_1_212' title='bbox 1522 2071 1530 2104; x_wconf 88' lang='grc'><strong>;</strong></span> 
     </span>
     <span class='ocr_line' id='line_1_29' title="bbox 379 2121 1533 2177; baseline -0.001 -13"><span class='ocrx_word' id='word_1_213' title='bbox 379 2126 419 2164; x_wconf 91' lang='lat' dir='ltr'><strong><em>in</em></strong></span> <span class='ocrx_word' id='word_1_214' title='bbox 439 2123 579 2164; x_wconf 85' lang='lat' dir='ltr'><strong>Eccles.</strong></span> <span class='ocrx_word' id='word_1_215' title='bbox 604 2137 640 2164; x_wconf 85' lang='lat' dir='ltr'><strong><em>v.</em></strong></span> <span class='ocrx_word' id='word_1_216' title='bbox 661 2125 752 2165; x_wconf 83' lang='lat'><strong>209.</strong></span> <span class='ocrx_word' id='word_1_217' title='bbox 778 2124 853 2177; x_wconf 87' lang='lat' dir='ltr'><strong>leg.</strong></span> <span class='ocrx_word' id='word_1_218' title='bbox 880 2124 922 2170; x_wconf 83' lang='grc' dir='ltr'><strong><em>ἢν</em></strong></span> <span class='ocrx_word' id='word_1_219' title='bbox 946 2121 1005 2164; x_wconf 77' lang='grc' dir='ltr'><strong><em>οὖν</em></strong></span> <span class='ocrx_word' id='word_1_220' title='bbox 1024 2125 1105 2172; x_wconf 76' lang='grc' dir='ltr'><strong><em>ἐμοὶ</em></strong></span> <span class='ocrx_word' id='word_1_221' title='bbox 1132 2124 1305 2170; x_wconf 87' lang='grc' dir='ltr'><strong><em>πίθησθε,</em></strong></span> <span class='ocrx_word' id='word_1_222' title='bbox 1335 2124 1533 2170; x_wconf 78' lang='grc' dir='ltr'><strong><em>σωθήσεσθ’</em></strong></span> 
     </span>
     <span class='ocr_line' id='line_1_30' title="bbox 380 2190 1533 2245; baseline -0.001 -14"><span class='ocrx_word' id='word_1_223' title='bbox 380 2191 456 2237; x_wconf 76' lang='grc' dir='ltr'><strong><em>ἔτις</em></strong></span> <span class='ocrx_word' id='word_1_224' title='bbox 491 2191 580 2231; x_wconf 89' lang='lat' dir='ltr'><strong>ibid.</strong></span> <span class='ocrx_word' id='word_1_225' title='bbox 618 2204 654 2231; x_wconf 91' lang='lat' dir='ltr'><strong><em>v.</em></strong></span> <span class='ocrx_word' id='word_1_226' title='bbox 684 2191 778 2231; x_wconf 88' lang='grc'><strong>239.</strong></span> <span class='ocrx_word' id='word_1_227' title='bbox 816 2190 891 2245; x_wconf 89' lang='lat' dir='ltr'><strong>leg.</strong></span> <span class='ocrx_word' id='word_1_228' title='bbox 926 2191 978 2232; x_wconf 77' lang='grc' dir='ltr'><strong><em>τα</em></strong></span> <span class='ocrx_word' id='word_1_229' title='bbox 1013 2191 1045 2231; x_wconf 85' lang='grc' dir='ltr'><strong><em>δ’</em></strong></span> <span class='ocrx_word' id='word_1_230' title='bbox 1074 2190 1165 2231; x_wconf 77' lang='grc' dir='ltr'><strong><em>ἄλλ’</em></strong></span> <span class='ocrx_word' id='word_1_231' title='bbox 1195 2190 1308 2232; x_wconf 84' lang='grc' dir='ltr'><strong><em>ἐάσω.</em></strong></span> <span class='ocrx_word' id='word_1_232' title='bbox 1345 2194 1475 2231; x_wconf 76' lang='grc' dir='ltr'><strong><em>ταῦτα</em></strong></span> <span class='ocrx_word' id='word_1_233' title='bbox 1501 2192 1533 2230; x_wconf 84' lang='grc' dir='ltr'><strong><em>δ’</em></strong></span> 
     </span>
    </p>
   </div>
   <div class='ocr_carea' id='block_1_3' title="bbox 377 2259 1531 2577">
    <p class='ocr_par' dir='ltr' id='par_1_3' title="bbox 377 2259 1531 2444">
     <span class='ocr_line' id='line_1_31' title="bbox 379 2259 1531 2313; baseline -0.001 -14"><span class='ocrx_word' id='word_1_234' title='bbox 379 2260 421 2306; x_wconf 78' lang='grc' dir='ltr'><strong><em>ἣν</em></strong></span> <span class='ocrx_word' id='word_1_235' title='bbox 452 2259 603 2305; x_wconf 84' lang='grc' dir='ltr'><strong><em>πίθησθέ</em></strong></span> <span class='ocrx_word' id='word_1_236' title='bbox 633 2273 717 2307; x_wconf 83' lang='grc' dir='ltr'><strong><em>μοι;</em></strong></span> <span class='ocrx_word' id='word_1_237' title='bbox 757 2259 860 2312; x_wconf 85' lang='lat' dir='ltr'><strong>apud</strong></span> <span class='ocrx_word' id='word_1_238' title='bbox 887 2259 982 2300; x_wconf 83' lang='lat' dir='ltr'><strong>Plat.</strong></span> <span class='ocrx_word' id='word_1_239' title='bbox 1011 2259 1060 2301; x_wconf 82' lang='lat' dir='ltr'><strong><em>de</em></strong></span> <span class='ocrx_word' id='word_1_240' title='bbox 1084 2261 1180 2312; x_wconf 80' lang='lat' dir='ltr'><strong>Rep.</strong></span> <span class='ocrx_word' id='word_1_241' title='bbox 1209 2274 1248 2312; x_wconf 88' lang='lat' dir='ltr'><strong><em>p.</em></strong></span> <span class='ocrx_word' id='word_1_242' title='bbox 1274 2260 1353 2302; x_wconf 82' lang='lat'><strong><em>480</em></strong></span> <span class='ocrx_word' id='word_1_243' title='bbox 1375 2260 1420 2302; x_wconf 84' lang='lat' dir='ltr'><strong><em>A.</em></strong></span> <span class='ocrx_word' id='word_1_244' title='bbox 1455 2259 1531 2313; x_wconf 86' lang='lat' dir='ltr'><strong>leg.</strong></span> 
     </span>
     <span class='ocr_line' id='line_1_32' title="bbox 379 2326 1530 2380; baseline 0 -14"><span class='ocrx_word' id='word_1_245' title='bbox 379 2327 462 2372; x_wconf 82' lang='grc' dir='ltr'><strong><em>οὔκ,</em></strong></span> <span class='ocrx_word' id='word_1_246' title='bbox 492 2326 538 2366; x_wconf 79' lang='grc' dir='ltr'><strong><em>ἄν</em></strong></span> <span class='ocrx_word' id='word_1_247' title='bbox 568 2329 608 2375; x_wconf 72' lang='grc' dir='ltr'><strong><em>γ’</em></strong></span> <span class='ocrx_word' id='word_1_248' title='bbox 627 2327 709 2376; x_wconf 75' lang='grc' dir='ltr'><strong><em>ἐμοὶ</em></strong></span> <span class='ocrx_word' id='word_1_249' title='bbox 739 2327 939 2374; x_wconf 87' lang='grc' dir='ltr'><strong><em>πίθωνται;</em></strong></span> <span class='ocrx_word' id='word_1_250' title='bbox 969 2327 1018 2369; x_wconf 90' lang='lat' dir='ltr'><strong><em>ib.</em></strong></span> <span class='ocrx_word' id='word_1_251' title='bbox 1048 2328 1088 2369; x_wconf 87' lang='lat' dir='ltr'><strong><em>in</em></strong></span> <span class='ocrx_word' id='word_1_252' title='bbox 1113 2328 1203 2369; x_wconf 80' lang='lat' dir='ltr'><strong>crit.</strong></span> <span class='ocrx_word' id='word_1_253' title='bbox 1228 2341 1266 2380; x_wconf 91' lang='lat' dir='ltr'><strong><em>p.</em></strong></span> <span class='ocrx_word' id='word_1_254' title='bbox 1290 2327 1371 2370; x_wconf 88' lang='lat'><strong><em>370</em></strong></span> <span class='ocrx_word' id='word_1_255' title='bbox 1392 2329 1433 2369; x_wconf 89' lang='lat' dir='ltr'><strong><em>E.</em></strong></span> <span class='ocrx_word' id='word_1_256' title='bbox 1455 2327 1530 2380; x_wconf 87' lang='lat' dir='ltr'><strong>leg.</strong></span> 
     </span>
     <span class='ocr_line' id='line_1_33' title="bbox 377 2395 1269 2444; baseline 0.002 -9"><span class='ocrx_word' id='word_1_257' title='bbox 377 2397 471 2435; x_wconf 68' lang='grc' dir='ltr'><strong><em>ἀλλ’</em></strong></span> <span class='ocrx_word' id='word_1_258' title='bbox 499 2395 580 2443; x_wconf 76' lang='grc' dir='ltr'><strong><em>ἐμοὶ</em></strong></span> <span class='ocrx_word' id='word_1_259' title='bbox 610 2396 715 2435; x_wconf 84' lang='grc' dir='ltr'><strong><em>πιθοῦ</em></strong></span> <span class='ocrx_word' id='word_1_260' title='bbox 744 2396 808 2435; x_wconf 74' lang='grc' dir='ltr'><strong><em>καὶ</em></strong></span> <span class='ocrx_word' id='word_1_261' title='bbox 838 2397 892 2444; x_wconf 78' lang='grc' dir='ltr'><strong><em>μη</em></strong></span> <span class='ocrx_word' id='word_1_262' title='bbox 921 2395 1049 2440; x_wconf 79' lang='grc' dir='ltr'><strong><em>ἄλλως</em></strong></span> <span class='ocrx_word' id='word_1_263' title='bbox 1075 2395 1171 2435; x_wconf 90' lang='grc' dir='ltr'><strong><em>ποίει</em></strong></span> <span class='ocrx_word' id='word_1_264' title='bbox 1198 2402 1269 2437; x_wconf 87' lang='lat' dir='ltr'><strong>etc.</strong></span> 
     </span>
    </p>

    <p class='ocr_par' dir='ltr' id='par_1_4' title="bbox 380 2463 1529 2577">
     <span class='ocr_line' id='line_1_34' title="bbox 431 2463 1529 2518; baseline -0.002 -14"><span class='ocrx_word' id='word_1_265' title='bbox 431 2464 739 2518; x_wconf 81' lang='lat' dir='ltr'><strong>Expungendum</strong></span> <span class='ocrx_word' id='word_1_266' title='bbox 762 2478 879 2517; x_wconf 87' lang='lat' dir='ltr'>porro</span> <span class='ocrx_word' id='word_1_267' title='bbox 901 2471 957 2505; x_wconf 85' lang='lat' dir='ltr'><strong><em>est</em></strong></span> <span class='ocrx_word' id='word_1_268' title='bbox 987 2464 1214 2506; x_wconf 82' lang='lat' dir='ltr'><strong>vocabulum</strong></span> <span class='ocrx_word' id='word_1_269' title='bbox 1234 2466 1291 2508; x_wconf 80' lang='grc' dir='ltr'><strong><em>ὥς.</em></strong></span> <span class='ocrx_word' id='word_1_270' title='bbox 1330 2463 1385 2505; x_wconf 88' lang='lat' dir='ltr'><strong><em>Cf.</em></strong></span> <span class='ocrx_word' id='word_1_271' title='bbox 1411 2463 1529 2504; x_wconf 85' lang='lat' dir='ltr'><strong>Anab.</strong></span> 
     </span>
     <span class='ocr_line' id='line_1_35' title="bbox 380 2530 595 2577; baseline 0.009 -8"><span class='ocrx_word' id='word_1_272' title='bbox 380 2531 426 2570; x_wconf 92' lang='lat' dir='ltr'><strong><em>V.</em></strong></span> <span class='ocrx_word' id='word_1_273' title='bbox 458 2530 499 2577; x_wconf 91' lang='lat'><strong><em>5,</em></strong></span> <span class='ocrx_word' id='word_1_274' title='bbox 532 2530 595 2571; x_wconf 87' lang='grc'><strong><em>15.</em></strong></span> 
     </span>
    </p>
   </div>
   <div class='ocr_carea' id='block_1_4' title="bbox 0 3038 1836 3085">
    <p class='ocr_par' dir='ltr' id='par_1_5' title="bbox 0 3038 1836 3085">
     <span class='ocr_line' id='line_1_36' title="bbox 0 3038 1836 3085; baseline 0 0"><span class='ocrx_word' id='word_1_275' title='bbox 0 3038 1836 3085; x_wconf 95' lang='lat' dir='ltr'><strong><em> </em></strong></span> 
     </span>
    </p>
   </div>
  </div>
 </body>
</html>
