1836 3085
902 217 953 259 38

315 370 320 375 ·
389 348 451 387 Sic
484 341 585 383 infra
613 344 695 385 vll.
729 343 769 391 1,
795 343 858 381 29.
897 342 928 380 εἳ
965 340 1160 390 βάρβαρον
1191 344 1261 389 μὲν
1292 344 1402 384 πόλιν
1430 348 1539 398 >οὐδε-

385 415 477 462 μίαν
504 412 744 459 ἠθελήσαμεν
776 414 1013 458 κατασχεῖν,
1043 409 1108 448 καὶ
1135 413 1267 449 ταῦτα
1295 416 1538 460 κρατοῦντες,

384 477 590 523 Ἑλληνίδα
621 478 653 517 δ’
682 478 734 521 εἰς
768 476 809 521 ἣν
839 478 978 524 πρῶτον
1006 475 1165 523 ἤλθομεν
1198 475 1307 515 πόλιν
1333 477 1414 516 κτὲ.
1445 478 1541 518 bene

385 553 442 586 est
468 546 676 598 repositum
704 547 871 594 πρώτήνς
902 543 956 583 sic
985 557 1137 596 quoque
1160 543 1245 586 VH.
1265 546 1305 593 1,
1329 546 1391 585 12.
1416 546 1541 586 ἐντεῦ-

386 615 445 655 θεν
468 613 627 665 ἐξῄεσαν
655 612 692 652 οἵ
712 627 755 651 τε
779 611 987 660 στρατηγοὶ
1005 615 1146 661 πρῶτον
1171 612 1234 652 καὶ
1260 613 1292 652 οἱ
1313 611 1424 652 ἄλλοι
1444 626 1541 653 non-

385 681 485 721 nulli
516 680 662 720 codices
688 684 791 718 recte
818 677 960 718 habent
987 682 1135 727 πρῶτοι.
1199 680 1287 719 Pari
1317 680 1432 720 modo
1457 694 1542 720 cor-

386 748 567 802 rigendus
588 753 644 787 est
669 746 791 787 Anab.
816 747 867 787 11.
898 747 941 795 3,
971 748 1034 787 17.
1064 747 1146 786 ἐπεὶ
1170 747 1201 786 δ’
1224 749 1448 795 ἀπήντησαν
1474 750 1543 788 αὐ-

383 822 462 861 τοῖς
492 817 524 856 οἱ
556 821 628 856 τῶν
654 816 847 862 Ἐλλήνων
879 816 1109 865 στρατηγοὶ,
1140 814 1255 864 ἔλεγε
1282 820 1423 867 πρῶτον
1449 822 1543 857 Τισ-

383 884 574 934 σαφέρνης
604 884 684 923 mg.
716 884 985 936 leg.'⁷1·pc3‘1·o;;
1015 884 1068 923 sic
1095 884 1135 922 in
1159 884 1306 924 Hellen.
1335 886 1383 926 V.
1408 888 1451 933 4,
1477 886 1544 926 37.

384 954 414 992 εἰ
445 952 483 993 δέ
514 966 571 996 τις
604 952 714 995 πόλις
749 953 932 1001 στρατιᾶς
963 951 1073 997 οὔσης
1102 949 1172 999 ἔξω
1199 952 1262 991 ἐπὶ
1291 951 1403 992 πόλιν
1429 968 1544 1003 στρα-

383 1020 528 1063 τεύσοι,
557 1019 618 1058 ἐπὶ
644 1019 788 1063 ταύτην
820 1018 896 1067 ἔφη
926 1022 1066 1067 πρῶτον
1098 1019 1191 1058 ἰέναι
1215 1020 1321 1059 κατὰ
1343 1021 1386 1060 τὸ
1414 1021 1545 1068 δόγμα

383 1085 460 1139 leg.
498 1084 657 1134 πρώτην.
715 1085 766 1125 Ut
801 1090 929 1123 autem
966 1084 1113 1124 Graece
1154 1086 1296 1135 πρῶτον
1329 1092 1369 1125 et
1402 1089 1544 1136 πρῶτος

388 1154 442 1192 sic
470 1153 602 1192 Latine
630 1152 920 1191 confunduntur
939 1153 1087 1204 primus
1112 1159 1150 1192 et
1168 1154 1353 1205 primum,
1386 1167 1463 1205 quo
1488 1155 1545 1192 vi-

384 1221 440 1259 tio
465 1220 579 1259 multi
605 1219 730 1259 adhuc
764 1219 837 1258 loci
865 1219 1052 1260 laborant.
1109 1221 1237 1260 Unum
1265 1234 1456 1273 apponere
1483 1220 1544 1260 lu-

385 1289 461 1329 bet.
504 1289 676 1341 Legitur
707 1287 811 1340 apud
837 1288 915 1327 Liv.
946 1288 995 1327 11.
1027 1302 1059 1328 c.
1089 1288 1126 1327 5.
1165 1288 1267 1338 „Ille
1293 1289 1461 1341 primum
1488 1288 1545 1328 di-

385 1358 486 1396 citur
512 1356 679 1396 vindicta
702 1355 909 1395 liberatus''
935 1362 1007 1396 etc.
1037 1355 1103 1394 ubi
1126 1356 1279 1409 legatur
1295 1357 1448 1409 primus.
1487 1357 1543 1397 Cf.

385 1423 558 1463 Handius
584 1423 632 1463 de
658 1424 762 1463 Part.
790 1417 871 1462 Lat.
897 1425 963 1465 IV.
986 1438 1024 1476 p.
1054 1423 1132 1462 577
1157 1437 1260 1475 seqq.

309 1492 399 1543 §3-

307 1560 406 1607 ὁμῶς
444 1559 483 1598 δὲ
516 1559 575 1598 δεῖ
602 1560 644 1597 ἑκ
675 1561 746 1596 τῶν
782 1557 971 1607 παρόντων
1005 1557 1141 1607 ἄνδρας
1172 1558 1339 1605 ἀγαθούς
1367 1561 1403 1597 τ’
1426 1559 1547 1598 ἐλθεῖν

308 1628 371 1666 καὶ
414 1627 467 1674 μὴ
504 1626 702 1676 ὑφίεσθαι,
742 1625 851 1664 ἄλλα
885 1626 1102 1674 πεὶρᾶσθαι,
1141 1623 1239 1670 ὅπως
1271 1626 1313 1671 ἢν
1340 1626 1410 1673 μὲν
1438 1626 1547 1665 δυνώ-

308 1694 408 1741 μεθα
434 1695 561 1736 καλῶς
589 1693 760 1736 νικῶντες
789 1693 992 1743 σωζώμεθα
1020 1694 1099 1732 κτὲ.

388 1761 492 1811 Quid
519 1761 567 1800 sit
592 1760 728 1810 ἄνδρας
752 1760 920 1808 ἀγαθούς
950 1763 986 1800 τ’
1013 1762 1132 1802 ἐλθεῖν
1159 1775 1275 1802 nemo
1296 1762 1549 1814 interpretum

387 1829 487 1876 bene
514 1828 730 1880 explicavit.
774 1829 899 1870 Vertit
924 1829 1080 1868 Weiske
1107 1844 1184 1880 pro
1205 1830 1398 1881 praesenti
1423 1842 1550 1869 rerum

391 1903 491 1935 statu
516 1895 613 1935 viros
632 1895 758 1948 for-tea
783 1896 907 1935 venire
933 1896 958 1935 i.
980 1910 1012 1936 e.
1043 1909 1135 1944 esse,
1165 1896 1230 1935 sed
1256 1896 1409 1936 nullum
1436 1895 1550 1936 huius

392 1963 594 2003 locutionis
629 1962 850 2017 exemplum
884 1963 1021 2002 attulit.
1078 1964 1181 2003 Haec
1212 1964 1332 2017 igitur
1362 1965 1550 2016 interpre-

391 2032 485 2071 tatio
511 2046 590 2072 non
609 2031 746 2084 placet.
804 2031 1133 2073 verisimillimum
1159 2037 1214 2070 est
1241 2030 1343 2084 quod
1370 2032 1550 2084 Wytten-

391 2099 489 2139 bach
514 2099 673 2138 coniecit
695 2097 834 2147 ἄνδρας
852 2098 1020 2146 ἀγαθούς
1039 2101 1076 2138 τ’
1098 2096 1192 2138 εἶναι
1218 2100 1319 2144 sca-§.3
1342 2104 1425 2138 tum
1447 2098 1549 2137 enim

391 2168 497 2208 salva
524 2174 614 2207 sunt
641 2167 780 2207 omnia.

314 2235 401 2286 §5-

313 2304 477 2352 Ἀριαῖος
516 2301 562 2345 δ’,
597 2299 635 2340 ’ὃν
671 2302 780 2348 ἡμεῖς
812 2300 991 2349 ἠθέλομεν
1024 2301 1196 2349 βασιλέα
1230 2299 1454 2341 καθιστάναι
1486 2300 1550 2340 καὶ

315 2371 507 2417 ἐδώκαμεν
527 2369 591 2407 καὶ
611 2368 804 2415 ἐλάβομεν
825 2370 946 2408 πιστοὶ
965 2370 1019 2417 μὴ
1042 2370 1238 2418 προδώσειν
1258 2370 1450 2415 ἀλλήλους
1470 2368 1555 2406 κτὲ.

396 2438 441 2477 In
469 2436 652 2489 scriptore
678 2436 804 2476 Attico
829 2451 908 2477 non
932 2443 989 2477 est
1011 2436 1167 2478 ferenda
1189 2437 1315 2478 forma
1338 2437 1550 2482 ἐδώκαμεν,

398 2518 495 2555 quae
530 2504 777 2556 scriptoribus
811 2505 972 2544 labentis
1005 2505 1228 2546 Graecitatis
1260 2512 1317 2545 est
1348 2502 1551 2543 reddenda.

398 2571 620 2613 Observavit
646 2572 718 2612 hoc
748 2572 823 2613 iam
851 2573 999 2615 Moeris:
1038 2573 1226 2622 ἀπέδομεν
1258 2571 1420 2612 ἀπέδοτε
1455 2570 1550 2610 ἀπέ-
