1836 3118
785 195 859 236 103

720 323 907 364 LXXVII.

249 380 343 432 Ibid.
372 391 414 432 L.
442 391 564 431 XXII.
593 392 690 432 c.·2.
726 391 862 441 „Dum
892 389 1045 431 Gonu}
1065 389 1260 443 placandis
1284 390 1430 431 Romae

196 458 274 499 Diis
298 458 560 512 trahendoque
585 458 737 499 delectu
763 458 830 498 dat
843 455 1052 512 ‘eperam.”
1088 459 1190 513 Lege
1210 459 1377 500 debonat

709 526 915 568 LXXVIII.

249 592 344 633 Ibid.
373 607 406 633 c.
438 593 501 632 11.
539 593 629 643 „Ita
653 591 768 632 rebus
794 591 930 633 divinis
955 594 1132 646 peractis,
1160 600 1245 634 tum
1262 595 1309 635 de
1327 595 1430 635 bello

197 673 315 713 reque
340 659 493 714 publica
518 658 681 700 dictator
705 660 857 709 retulit,
887 661 1025 714 quibus
1052 667 1192 714 quotve
1217 661 1431 716 legionibus

196 730 332 770 victori
374 729 473 769 hosti
512 727 664 769 obviam
699 728 870 770 eundum
904 743 984 770 esse
1023 729 1153 771 Patres
1192 730 1429 771 censerent.''

198 796 420 851 Legendum
446 803 613 849 quotque.

733 850 901 890 LXXIX.

251 932 345 972 Ibid.
375 946 408 973 c.
440 932 502 973 14.
540 932 755 984 „strepunt
789 945 903 971 aures
936 931 1164 973 clamoribus
1200 931 1435 983 plorantium

197 999 402 1047 sociorum,
421 999 569 1052 saepius
582 1012 669 1047 nos,
690 1012 807 1051 quam
825 998 985 1038 deorum
1003 998 1262 1039 invocantium
1280 999 1432 1051 opem.'’

197 1067 297 1120 Lege
321 1067 466 1119 saepius
491 1074 658 1107 nostram
683 1073 770 1107 cett.

739 1134 889 1174 LXXX.

249 1202 343 1243 Ibid.
368 1217 400 1243 c.
424 1203 486 1243 19.
516 1204 740 1255 „Varioque
758 1203 887 1242 omnia
914 1201 1085 1242 tumultu
1108 1208 1297 1254 strepunt,
1318 1215 1435 1242 ruen-

196 1269 295 1309 tibus
321 1271 361 1310 in
386 1283 504 1310 naves
529 1270 643 1310 simul
665 1270 873 1323 remigibus
899 1270 1176 1322 militibusque,
1206 1269 1435 1323 fugientium

196 1337 318 1391 magis
344 1351 366 1377 e
391 1342 510 1386 terra,
545 1351 662 1391 quam
689 1336 729 1377 in
761 1342 933 1391 pugnam
960 1336 1133 1377 euntium
1162 1336 1317 1377 mod0.”
1358 1338 1433 1377 Ex-

197 1419 316 1458 pung.
346 1418 366 1444 e
391 1412 505 1445 terra.
727 1459 884 1499 LXXXI

249 1540 295 1578 In
327 1540 402 1586 Cic.
436 1540 503 1592 Ep.
533 1539 582 1578 ad
608 1540 710 1579 Fam.
740 1540 791 1579 ΙΙ.
822 1541 868 1587 4,
901 1541 936 1579 1.
976 1540 1265 1591 „Epistolarum
1293 1553 1435 1592 genera

197 1606 320 1646 multa
355 1620 434 1646 esse
468 1620 546 1646 non
581 1606 755 1660 ignoras:
794 1605 859 1646 sed
886 1620 1009 1647 unum
1035 1605 1133 1647 illud
1160 1606 1431 1653 certissimum,

197 1674 305 1713 cuius
330 1686 444 1712 causa
469 1674 624 1712 inventa
643 1687 705 1712 res
730 1674 812 1725 ipsa
833 1679 906 1721 est,
928 1668 988 1712 ⁴ut
1014 1674 1192 1712 certiores
1219 1674 1432 1712 faceremus

197 1740 386 1789 absentes,
428 1740 460 1780 si
491 1740 584 1793 qnid
615 1746 726 1790 esset,
761 1740 864 1794 quod
893 1755 957 1781 eos
984 1741 1080 1782 scire
1113 1747 1180 1781 aut
1210 1747 1340 1781 nostra
1367 1747 1436 1780 aut

114 1860 118 1864 1
196 1810 366 1862 ipsorum
393 1808 626 1850 interesset.”
673 1808 913 1851 Vocabulum
940 1809 1178 1849 ceo-&simum
1208 1814 1434 1861 corruptum

196 1882 268 1926 est;
290 1875 457 1917 Orellius
475 1877 634 1917 coniecit
654 1877 924 1917 creberrimum.
953 1876 1175 1931 Legendum
1194 1876 1433 1916 mitissimum.

722 1943 911 1982 LXXXII.

251 2009 345 2049 Ibid.
374 2011 422 2049 X.
454 2011 490 2049 4.
526 2011 563 2049 4.
607 2010 735 2059 „Sum
754 2010 810 2049 >in
840 2010 1116 2062 exspectatione
1158 2008 1330 2047 omnium
1372 2022 1433 2047 re-

197 2092 302 2125 rum,
333 2077 424 2129 quid
445 2077 486 2116 in
512 2077 638 2116 Gallia
665 2077 859 2125 citeriore,
894 2076 986 2129 quid
1018 2077 1059 2120 in
1085 2075 1182 2116 urbe
1209 2089 1338 2115 mense
1365 2077 1431 2115 Ia-

197 2145 334 2186 nuario
361 2150 534 2199 geratur,
564 2151 608 2184 ut
633 2143 789 2185 sciam.''
827 2145 1081 2199 Expungatur
1107 2150 1148 2183 ut
1170 2143 1294 2183 sciam.

711 2213 917 2253 LXXXIII.

251 2280 346 2321 Ibid.
370 2282 418 2321 X.
446 2280 514 2329 15,
539 2279 577 2320 3.
607 2279 832 2329 „Adventus
853 2294 960 2320 meus
987 2280 1079 2333 quid
1105 2278 1347 2332 profecturus
1375 2292 1431 2318 es-

198 2355 273 2397 set,
302 2348 400 2397 vidi,
428 2349 490 2388 vel
512 2347 615 2400 quod
640 2348 740 2389 etc.’'
783 2347 1004 2403 Legendum
1024 2348 1274 2401 perfecturus.

531 2445 535 2449 ,
715 2407 919 2458 Lxxxw.

252 2485 297 2525 In
323 2483 397 2525 Cic.
426 2485 534 2524 Tusc.
564 2484 665 2536 Disp.
685 2484 716 2523 Ι.
742 2483 811 2532 43,
844 2484 933 2524 104.
963 2483 1193 2535 „Praeclare
1220 2484 1431 2541 Anaxago-

199 2566 280 2601 ras,
311 2553 395 2605 qui,
426 2565 545 2605 quum
567 2552 762 2605 Lampsaci
781 2558 1016 2601 moreretur,
1047 2553 1318 2605 quaerentibus
1338 2556 1434 2596 ami-
