1836 3085
863 202 910 239 76

345 344 378 369 e.
399 343 430 368 c.
464 325 566 379 apud
596 323 729 365 Aesch.
765 323 812 363 de
845 322 927 363 fals.
958 323 1033 377 leg.
1063 325 1082 374 §
1108 324 1171 364 60.
1211 325 1433 375 προγράψαι
1465 328 1503 368 δὲ

342 395 427 438 τοὺς
456 391 656 442 πρυτάνεις
691 389 895 436 ἐκκλησίας
927 390 990 430 δύο
1017 390 1123 430 κατὰ
1149 391 1236 435 τοὺς
1271 375 1429 439 νόμους’,
1468 396 1505 450 ἐν

342 463 380 502 δὲ
407 461 570 505 ταύταις
601 458 882 508 βουλεύσασθαι
910 456 994 508 περ)
1018 462 1090 504 τῆς
1117 458 1258 509 εἰρήνης
1288 460 1505 506 Ἀθηναίους

342 542 475 581 repon.
491 527 786 575 βουλεύσεσθαις
808 525 911 578 apud
931 526 1039 567 Diod.
1062 527 1180 568 Sicul.
1200 528 1304 567 XIX.
1323 528 1359 567 9.
1385 528 1507 575 ἐπήγ-

344 606 462 646 γελτο
502 596 578 646 γὰρ
613 595 854 643 Ἀγαθοκλῆς
896 594 960 635 καὶ
1005 598 1125 646 χρεῶν
1163 595 1364 641 ἀποκοπὰς
1402 597 1509 642 ποιή-

345 666 485 704 σασθαι
515 664 579 702 καὶ
603 667 681 705 τοῖς
709 662 842 708 πένησι
869 663 999 711 χώραν
1027 663 1260 711 δωρήσασθαι
1296 663 1373 717 leg.
1403 664 1509 707 ποιή-

346 732 475 773 σεσθαι
507 737 546 771 et
577 730 818 781 δωρήσεσθαι.
872 731 976 782 Quin
1009 731 1124 772 etiam
1157 731 1331 773 confusio
1361 732 1432 773 ista
1458 732 1511 773 ita

345 807 400 840 est
421 799 601 840 solemnis
623 805 668 839 ut
688 813 800 853 saepe
826 800 1020 840 inauditae
1040 800 1130 840 inde
1153 801 1329 841 oriantur
1351 801 1508 841 formae.

345 868 409 907 Sic
443 866 547 920 apud
582 868 669 921 Lys.
707 867 756 907 ad
783 868 875 908 Sim.
906 869 924 919 §
954 868 991 908 2.
1020 867 1140 908 Bekk.
1174 868 1272 908 bene
1307 868 1426 908 edidit
1459 869 1510 913 εἶς

346 937 448 983 ὑμᾶς
478 935 513 975 δ’
541 935 715 975 εἰσελθὼν
750 935 890 986 ἐλπίζω
932 938 1004 975 τῶν
1050 935 1200 975 δικαίων
1235 935 1435 983 τεύξεσθαι
1463 934 1512 975 ‘ln

346 1002 543 1044 nonnullis
564 1002 682 1043 Codd.
707 1002 851 1057 legitur
873 1003 1035 1043 aoristus
1056 1002 1287 1051 τεύξασθαι,
1319 1003 1444 1052 cuius,
1469 1010 1514 1044 ut

347 1071 482 1119 credo,
513 1084 668 1111 causam
695 1085 811 1110 nemo
837 1084 953 1124 agere
980 1071 1094 1111 volet.

266 1141 285 1191 5
316 1139 381 1181 29.

268 1208 340 1247 Καὶ
373 1208 521 1247 ἐνταῦθ’
556 1208 587 1246 οἱ
618 1207 840 1247 πελτασταὶ
879 1207 1049 1253 ἐδίωκον,
1088 1207 1205 1257 μέχρι
1240 1208 1283 1247 τὸ
1313 1207 1430 1255 δεξιὸν
1464 1204 1513 1246 αὖ

268 1276 465 1326 διεσπάρη·
494 1275 679 1316 ἀπέθανον
702 1276 734 1315 δ’
757 1275 893 1324 ὀλίγοι·
923 1277 966 1316 τὸ
991 1276 1067 1325 γὰρ
1093 1276 1247 1316 ἱππικὸν
1271 1275 1394 1325 Φόβον
1417 1290 1513 1324 παρ-

268 1349 354 1392 εῖχε
380 1344 423 1382 τὸ
455 1346 528 1382 τῶν
553 1342 766 1390 πολεμίων,
796 1344 896 1382 πολὺ
924 1342 975 1381 ὄν.

350 1410 564 1465 Magistello
600 1410 838 1451 reddendum
869 1418 926 1451 est
952 1410 1122 1464 lepidum
1154 1411 1251 1452 illud
1281 1411 1516 1460 additament

351 1469 435 1518 ‘cnm
464 1480 506 1517 τὸ
535 1479 607 1517 τῶν
637 1478 840 1525 πολεμίων.
874 1528 877 1531 ἱ

783 1559 899 1600 CAP.
939 1560 1005 1601 IV.

272 1618 291 1666 ᾖ
324 1616 361 1654 5.

272 1682 469 1732 ἐτύγχανε
501 1681 539 1721 δὲ
563 1682 606 1721 τὸ
630 1680 856 1731 στράτευμα
886 1680 955 1730 ἔξω
988 1682 1025 1722 ὃν
1052 1679 1114 1722 ὅτε
1145 1681 1333 1732 ἀφίκετο,
1364 1680 1428 1721 καὶ
1457 1681 1518 1721 ἐπὶ

272 1750 379 1790 λείαν
411 1750 508 1794 τινὲς
537 1749 726 1799 οἰχόμενοι
759 1748 872 1789 ἄλλοι
912 1751 963 1794 εἰς
1004 1750 1047 1789 τὸ
1078 1749 1170 1798 ὄρος·
1209 1749 1272 1789 καὶ
1307 1750 1519 1800 εἰλήφεσαν

272 1818 456 1867 πρόβατα
481 1817 611 1857 πόλλ’·
640 1818 831 1861 ὀκνοῦντες
863 1817 901 1856 δὲ
924 1817 978 1864 μὴ
1004 1817 1266 1866 ἀφαιρεθεῖεν,
1296 1817 1348 1866 τῷ
1376 1810 1520 1863 Δεξίπ-

275 1901 332 1934 πῳ
358 1883 554 1931 λέγουσιν,
584 1882 622 1928 ὃς
650 1884 800 1933 οἶοι-ἕδρα
825 1885 893 1929 τὴν
917 1884 1203 1933 πεντηκόντορον
1229 1883 1327 1933 ἔχων
1348 1885 1390 1924 ἐκ
1416 1889 1520 1934 Τρα-

274 1953 493 2002 πεζοῦντος,
521 1951 585 1990 καὶ
614 1951 808 1991 κελεύουσι
830 1952 1072 1990 διασώσαντα
1089 1951 1142 1990 τὰ
1167 1950 1349 2000 πρόβατα
1371 1951 1422 1990 τα
1452 1953 1521 1999 μὲν

277 2020 391 2059 αὐτὸν
418 2019 582 2067 λαβεῖν,
613 2018 665 2057 τα
694 2018 733 2058 δὲ
762 2018 894 2069 σφίσιν
924 2019 1054 2062 αὐτοῖς
1083 2019 1301 2058 ἀποδοῦναι.

357 2089 465 2127 Duae
492 2086 652 2126 voculae
678 2086 741 2126 hio
762 2086 1014 2139 interpolatae
1036 2092 1136 2126 sunt.
1180 2086 1354 2126 Primum
1376 2100 1522 2138 expun-

359 2154 529 2209 gendum
556 2160 613 2194 est
638 2154 724 2207 καὶ,
752 2155 792 2194 in
815 2154 939 2195 verbis
962 2154 1027 2195 καὶ
1050 2155 1262 2205 εἰλήφεσαν
1280 2154 1360 2194 κτὲ.
1404 2155 1524 2194 Porro

360 2238 481 2277 quum
509 2222 737 2275 Xenophon,
751 2236 862 2276 saepe
889 2229 1023 2262 utatur
1049 2225 1163 2273 σφεῖς
1190 2236 1228 2275 p.
1261 2221 1390 2274 αὐτοὶ,
1416 2224 1523 2272 σφῶν

360 2307 397 2343 p.
430 2293 570 2342 αὐτῶν,
599 2291 711 2341 σφίσι
740 2305 777 2343 p.
800 2293 930 2334 αὐτοῖς
956 2297 1050 2338 etc.‚
1090 2290 1180 2342 quia
1210 2289 1273 2329 hie
1299 2304 1391 2329 usus
1418 2291 1524 2329 inso-

361 2360 501 2399 lentior
528 2364 627 2407 erat,
666 2358 869 2412 magistelli
904 2359 1083 2398 usitatam
1117 2357 1281 2398 formam
1312 2357 1525 2411 adscripse-

362 2434 474 2476 runt,
509 2440 608 2479 quae
635 2426 724 2466 inde
751 2432 790 2467 et
815 2427 889 2467 hoe
916 2433 955 2467 et
982 2426 1114 2467 multis
1140 2426 1223 2466 aliis
1249 2416 1342 2466 loeis
1369 2440 1402 2465 e.
1424 2440 1456 2465 c.
1485 2425 1526 2463 in

363 2495 510 2535 Hellen.
535 2497 584 2537 V.
612 2496 652 2543 1,
679 2496 743 2535 27.
774 2496 820 2543 2,
846 2496 871 2535 8
899 2501 971 2536 etc.
1011 2494 1126 2535 simul
1164 2508 1251 2535 cum
1287 2493 1455 2547 genuina
1486 2491 1526 2530 in

364 2568 510 2602 textum
539 2569 692 2615 recepta
720 2568 786 2603 est.
