1836 3085
919 212 969 249 58

404 351 490 384 υμι,
517 334 692 374 dicebant
716 322 835 386 igitur
855 333 1012 382 ὄμνυμι,
1040 334 1229 380 δείκνυμι,
1263 334 1461 383 &vamum
1486 340 1558 375 etc.

399 403 533 443 Aetate
553 406 684 442 autem
702 399 931 442 Menandrea
949 398 1075 441 forma
1097 399 1137 438 in
1161 398 1210 440 ύω
1234 399 1274 440 in
1298 412 1412 441 usum
1434 402 1556 450 venit3

397 468 500 510 unde
535 469 633 510 bene
660 469 701 518 in
732 468 814 510 eius
840 465 1065 520 fragmentis
1092 464 1251 519 legitur:
1290 465 1485 516 Γλυκέρα,
1521 469 1560 508 τί

394 535 548 583 κλαίειςς
579 536 700 584 ὀμνύω
727 525 787 575 ’σοι
817 534 880 573 τὸν
909 533 1001 574 Δία.
1059 533 1116 574 Cf.
1150 546 1267 586 porro
1294 532 1430 575 Thom.
1457 535 1558 589 Mag.

394 606 434 645 in
470 605 633 654 ὄμνυμι,
669 604 899 654 ῥύπτεσθαι,
936 603 1070 653 ζωννὺς
1104 608 1177 645 etc.
1233 601 1395 643 Librarii
1429 608 1559 644 autem

393 673 623 725 saepissime,
661 685 711 712 ne
744 670 869 712 dicam
906 684 1077 723 semper,
1115 670 1365 711 recentiorem
1394 669 1559 710 formam

394 741 508 780 etiam
548 738 827 792 antiquioribus
870 738 1118 792 scriptoribus
1162 738 1385 779 obtrudunt.
1456 739 1558 780 Vera

392 807 517 848 forma
551 807 656 860 apud
688 807 985 860 xenophontem
1015 807 1210 849 invenitur
1235 821 1269 847 e.
1295 821 1328 848 c.
1357 808 1495 860 Cyrop.
1525 807 1555 846 1.

394 876 438 922 6,
471 877 535 916 10.
565 877 615 917 Π.
643 877 687 923 1,
715 876 780 919 13.
806 877 851 923 2,
877 875 941 916 80.
967 876 1014 922 4,
1042 875 1078 914 6..
1109 875 1156 916 V.
1182 873 1225 922 5,
1252 875 1316 915 20.
1336 876 1403 917 VI.
1426 877 1470 923 4,
1493 875 1555 915 20.

391 944 497 986 VIII.
529 945 549 984 1
562 974 573 993 ,
603 943 657 984 30
686 950 759 984 etc.
821 944 959 983 Nostro
993 943 1113 997 igitur
1144 941 1231 984 loco
1265 941 1474 998 legendum
1502 948 1559 982 est

390 1009 672 1057 συμμιγνύασι.
717 1010 805 1049 Pari
834 1009 949 1051 modo
977 1023 1069 1050 vera
1096 1009 1222 1050 forma
1247 1009 1481 1050 restituenda
1503 1016 1560 1049 est

389 1077 512 1119 Anab.
542 1078 589 1119 V.
621 1078 665 1125 9,
696 1077 763 1118 31.
793 1076 819 1118 l.
844 1076 1006 1126 ὄμνυμι,
1041 1078 1109 1125 10,
1140 1077 1177 1117 2.
1203 1076 1229 1117 l.
1256 1076 1458 1119 δεικνύασι.
1490 1077 1556 1119 VI.

391 1147 438 1192 4,
468 1147 506 1187 4.
538 1145 565 1185 l.
592 1145 862 1190 ἐπιδείκνυσιν;
894 1147 937 1192 4,
970 1146 1033 1186 17.
1063 1146 1149 1187 Vll.
1177 1146 1216 1192 1,
1251 1146 1312 1185 17.
1344 1147 1389 1192 2,
1415 1145 1453 1186 3.
1483 1145 1557 1197 Cy-

391 1226 474 1265 rop.
503 1213 534 1252 1.
566 1214 612 1260 4,
646 1214 708 1253 10.
738 1213 807 1253 111.
835 1214 876 1261 2,
910 1202 945 1253 1.
971 1213 1014 1261 3,
1047 1213 1109 1253 12.
1140 1213 1206 1254 v1.
1240 1214 1280 1261 1,
1310 1214 1345 1253 7.
1376 1213 1481 1254 vm.
1511 1214 1555 1261 1,

392 1282 456 1321 21.
483 1281 547 1321 23.
569 1282 633 1321 32.
655 1281 699 1328 6,
728 1282 791 1320 11.
821 1280 970 1321 Hellen.
992 1282 1058 1323 IV.
1081 1283 1124 1328 4,
1153 1282 1190 1321 2.
1216 1281 1253 1321 5.
1285 1282 1332 1323 V.
1351 1282 1396 1329 2,
1417 1281 1469 1324 43
1484 1288 1555 1322 ete.

309 1351 327 1399 ᾧ
360 1348 424 1389 25.

309 1419 374 1456 Ἐν
415 1416 534 1466 τούτῳ
576 1417 614 1456 δὲ
649 1417 713 1456 καὶ
747 1418 778 1456 οἱ
811 1418 853 1456 ἐκ
892 1419 958 1456 τοῦ
992 1417 1119 1456 πεδίου
1160 1418 1191 1456 οἱ
1228 1418 1298 1466 μὲν
1333 1417 1554 1458 πελτασταὶ

309 1490 382 1526 τῶν
422 1486 614 1531 Ἑλλήνων
650 1485 769 1535 δρόμῳ
802 1485 898 1527 ἔθεον
927 1486 1016 1534 πρὸς
1049 1474 1135 1530 τοὺς
1166 1486 1555 1535 παρατεταγμένους,

312 1553 534 1603 Χειρίσοφος
567 1553 605 1593 δὲ
637 1553 763 1600 βάδην
798 1555 906 1602 ταχὺ
942 1553 1124 1603 ἐφείπετο
1156 1555 1222 1593 σὺν
1256 1560 1334 1598 τοῖς
1363 1554 1554 1598 ὁπλίταις.

393 1619 496 1670 Quid
523 1621 571 1660 sit
592 1620 716 1668 βάδην
742 1620 850 1671 ταχύ
879 1635 1013 1668 nemo,
1045 1627 1089 1660 ut
1115 1620 1272 1673 opinor,
1297 1620 1408 1661 facile
1434 1621 1557 1674 expli-

390 1688 509 1736 cabit3
540 1688 665 1728 simile
684 1688 820 1739 saltem
848 1688 1068 1741 exemplum
1091 1702 1284 1741 nusquam
1310 1689 1451 1729 inveni.
1489 1691 1556 1729 Ri-

389 1755 517 1798 dicula
544 1762 600 1797 est
626 1757 800 1810 Krsigeri
827 1757 1039 1804 annotatio,
1075 1757 1141 1808 qui
1166 1756 1262 1799 ‘dicit
1287 1756 1412 1806 βάδην
1446 1758 1554 1807 ταχύ

387 1825 580 1876 yradatim
606 1824 754 1876 quidem
775 1826 841 1864 sed
857 1812 1031 1867 celeriter'
1043 1831 1186 1872 tamen,
1217 1837 1315 1876 quae
1336 1825 1456 1878 igitur
1477 1839 1556 1864 non

388 1898 445 1931 est
470 1891 717 1932 admittenda.
774 1893 856 1932 Mea
883 1898 1013 1931 autem
1032 1893 1245 1940 sententia,
1274 1892 1346 1932 hoc
1374 1893 1461 1943 loco
1483 1907 1556 1932 ex-

389 1960 480 2003 cidit
521 1960 665 2003 locutio
706 1960 881 2002 militaris
921 1973 1020 2012 quae
1060 1959 1250 2014 significat
1287 1961 1440 2001 celerina
1480 1961 1555 2000 ali-

387 2037 526 2083 quanto
552 2044 666 2083 quam
690 2030 882 2081 yradatim
907 2036 947 2069 et
973 2042 1072 2081 quae
1100 2029 1270 2069 occurrit
1295 2043 1329 2068 e.
1346 2043 1379 2069 c.
1403 2029 1443 2068 in
1465 2028 1555 2068 Hel-

387 2099 464 2139 len.
485 2099 533 2140 V.
556 2100 599 2145 4,
631 2098 695 2139 53.
725 2099 773 2142 ὠς
800 2098 929 2146 μέντοι
956 2098 1077 2145 ἐγγὺς
1099 2101 1165 2141 τοῦ
1184 2097 1337 2147 τείχους
1360 2097 1550 2145 ἐγένοντο,

386 2165 685 2216 ὑποστρέφουσιν
719 2167 753 2206 οἱ
795 2167 975 2213 Θηβαῖοι.
1031 2166 1080 2205 Οἱ
1122 2166 1160 2205 δὲ
1202 2171 1377 2214 Σκιρῖται
1414 2165 1552 2209 ἰδόντες

385 2234 522 2277 αὐτοὺς
560 2234 697 2273 θᾶττον
739 2234 760 2279 ἢ
799 2233 923 2281 βάδην
959 2234 1142 2278 οΞπ-ῆλθον.
1196 2235 1397 2285 Expuncto
1435 2234 1554 2287 igitur

385 2301 574 2342 vocabulo
606 2302 714 2349 ταχὺ
756 2301 871 2355 (quae
902 2308 959 2342 est
993 2301 1196 2354 explicatio
1223 2301 1446 2355 marginalis
1473 2302 1555 2341 eius

386 2369 588 2409 locutionis
615 2375 654 2408 et
680 2383 799 2422 quae,
838 2375 883 2410 ut
914 2383 1026 2423 saepe
1054 2369 1299 2424 marginalia,
1336 2370 1376 2409 in
1405 2375 1552 2413 textum

385 2438 551 2492 irrepsit)
583 2438 790 2492 legendum
818 2446 893 2480 est:
924 2440 1144 2489 Χειρίσοφος
1180 2440 1218 2480 δὲ
1255 2441 1390 2481 θᾶττον
1422 2438 1443 2483 ἢ
1473 2435 1553 2484 βοὶ-

386 2506 449 2551 δην
481 2505 663 2556 ἐφείπετο
695 2506 762 2546 σὺν
796 2512 873 2551 τοῖς
906 2506 1098 2551 ὁπλίταις.
1161 2506 1304 2550 Eodem
1332 2504 1412 2548 fere
1439 2501 1552 2546 modo

390 2574 641 2627 corrigendus
669 2573 820 2615 videtur
848 2574 954 2616 locus
983 2575 1021 2616 in
1050 2574 1198 2616 Hellen.
1229 2575 1276 2616 V.
1308 2574 1354 2620 4,
1385 2572 1447 2612 42.
1487 2571 1551 2611 ubi
