1836 3126
873 193 923 232 37

287 306 290 309 K
364 319 554 360 Librarius
584 320 686 360 enim
721 318 825 373 (utor
859 317 984 358 verbis
1020 317 1178 361 Dawesii
1212 317 1252 356 in
1288 316 1390 356 Misc-
1420 316 1510 356 Crit.

362 401 399 442 p.
424 386 518 443 453)
554 387 620 441 qui
644 388 714 428 ista
740 386 1089 427 Grammaticorum
1119 385 1305 425 insomnia
1330 383 1510 435 τυφθεῖη-

358 471 441 501 τον,
470 457 714 506 τυφθειήτην,
743 455 995 505 τυφθειήμεν.
1023 453 1246 503 τυφθείητε,
1277 453 1511 504 τυφθείησοιν

359 522 538 567 imberbis
563 522 759 569 didicerat,
798 535 889 561 vera
915 534 1033 574 quam
1059 519 1282 572 ignorabat,
1321 521 1511 573 scriptura

359 591 526 631 offensus
551 590 591 629 in
619 589 700 628 eius
721 588 849 628 locum
863 589 1028 628 alterum
1050 586 1151 627 istud
1173 586 1340 636 suffecit3
1363 588 1511 628 nescius

358 657 641 698 terminationes
672 656 855 708 optativas
885 655 1024 702 είητον,
1054 656 1199 702 ειήτην,
1234 654 1380 702 είημεν,
1408 655 1508 701 εἴητε

359 732 453 772 etc„
489 723 637 770 οοίητον,
672 724 804 774 οοιήτην
830 729 920 771 ete„
955 723 1096 774 ,olm-ov,
1128 724 1252 769 οιήτην
1285 728 1379 771 etc„
1418 723 1510 762 scri-

358 791 529 845 ptoribus
554 805 644 831 vere
670 791 825 831 Graecis
849 791 999 844 ignotas
1019 804 1110 830 esse.
1153 791 1215 830 Sic
1240 796 1343 830 recte
1364 790 1508 844 legitur

359 860 399 899 in
422 861 534 913 Vesp.
559 861 651 900 484.
680 856 740 909 ἄρ’
764 858 830 904 ἂν,
859 856 885 897 ὦ
909 859 997 908 πρὸς
1011 861 1091 897 ’τῶν
1110 859 1215 903 θεῶν,
1245 860 1353 905 ἡμεῖς
1374 859 1505 898 ἀπαλ-

356 929 543 978 λαχθεῖτε
569 943 654 977 μου.
699 927 761 967 Sic
778 927 818 967 in
844 926 962 966 Ranis
982 940 1019 968 V.
1038 926 1155 966 1448.
1186 925 1252 965 ubi
1274 931 1407 966 contra
1428 940 1508 966 me-

357 1002 462 1036 trum
480 995 678 1050 legebatur
700 995 900 1043 σωθείημεν
922 994 969 1035 ἂν
987 994 1353 1047 Βωῃοκτεροευίίι
1379 996 1506 1034 σωθεῖ-

357 1078 427 1110 μεν
453 1062 513 1103 ἂν.
562 1063 785 1102 Observavit
810 1063 886 1101 iam
910 1063 1060 1109 Moeris,
1090 1063 1157 1113 qui
1182 1062 1310 1101 scribit
1335 1063 1505 1110 βλαβεῖ-

356 1146 447 1177 μεν,
473 1131 691 1179 βλαβεῖτε,
716 1129 928 1178 βλαβεῖεν,
950 1128 1140 1172 Ἀττικοὶ,
1162 1127 1407 1176 βλαβείημεν
1432 1135 1504 1170 etc.

353 1197 559 1243 Ἔλληνεςς
598 1202 752 1244 γνοῖμεν
785 1195 974 1240 Ἀττικοὶ,
1011 1195 1187 1243 γνοίημεν
1220 1196 1405 1242 ’Έλληνες
1434 1203 1504 1236 ete.

356 1264 412 1304 Cf.
454 1277 570 1316 porro
605 1263 737 1303 Iacobs
775 1264 815 1302 in
853 1269 982 1303 annot.
1024 1262 1073 1302 ad
1103 1262 1239 1302 Athen.
1278 1276 1315 1315 p.
1345 1263 1440 1312 153,
1469 1270 1508 1304 et

356 1330 525 1374 Brunck.
555 1329 603 1369 ad
631 1329 724 1370 Oed.
753 1331 850 1383 Reg.
879 1343 913 1369 ν.
944 1330 1060 1369 1039.

275 1400 295 1451 5
324 1398 387 1438 43.

274 1467 405 1509 ὀπόσοιΔ
438 1467 476 1506 δὲ
506 1468 569 1506 τὸν
607 1468 675 1515 μὲν
707 1465 863 1506 aduam
900 1467 1085 1514 ἐγνώκασι
1122 1469 1216 1506 πᾶσι
1252 1469 1366 1507 κοινὸν
1409 1466 1503 1508 εἶναι

275 1534 339 1575 καὶ
369 1535 579 1583 οὶνοιγκοοῖον
605 1534 824 1584 ἀνθρώποις,
853 1534 935 1584 περὶ
959 1533 996 1573 δὲ
1022 1537 1087 1573 τοῦ
1111 1538 1236 1579 καλῶς
1260 1536 1504 1583 ἀποθνήσκειν

273 1602 539 1651 ἀγωνίζονται,
565 1602 716 1645 τούτους
746 1602 809 1650 ὁρῶ
837 1604 988 1648 μᾶλλον
1016 1603 1096 1641 κτὲ.

351 1667 468 1710 Velut
493 1669 624 1707 Latine
650 1668 789 1708 dicitur
816 1669 994 1716 omnibus,
1023 1670 1158 1708 cunctis
1183 1668 1305 1722 ellipsi
1327 1671 1503 1710 vocabuli

352 1736 553 1777 hominibus
591 1736 682 1791 (qua
708 1736 754 1776 de
780 1750 824 1776 re
854 1736 1009 1776 omuino
1036 1736 1174 1790 dignus
1196 1743 1252 1776 est
1273 1737 1345 1789 qui
1372 1738 1500 1778 confe-

351 1810 460 1845 ratur
491 1799 700 1845 Burmann.
728 1803 777 1844 ad
798 1803 957 1845 Phaedr.
985 1803 1081 1857 Epil.
1110 1805 1159 1844 Π.
1187 1803 1243 1858 3.)
1275 1805 1328 1845 sic
1354 1806 1500 1846 Graece

351 1874 448 1912 πᾶσι
480 1886 559 1912 non
587 1872 712 1912 addito
739 1872 948 1921 ἀνθρώποις.
997 1873 1249 1934 Expungatur
1284 1874 1402 1927 igitur
1428 1876 1501 1917 hoc

353 1941 525 1981 verbum.

788 2065 901 2104 CAP.
938 2065 987 2104 ΙΙ.

274 2149 359 2198 §1-

271 2215 379 2263 Ἐπζεὶ
412 2216 449 2255 δὲ
476 2216 539 2255 καὶ
565 2216 596 2255 οἱ
625 2214 736 2254 ἄλλοι
764 2217 993 2264 στρατιῶται
1020 2216 1213 2266 συνῆλθον,
1239 2215 1379 2262 ἀνέστη
1402 2221 1497 2266 πρῶ-

270 2283 430 2330 τονμὲν
456 2282 672 2333 Χειρίσοφος
704 2283 721 2321 ὃ
748 2281 1044 2330 Λακεδαιμόνιος
1072 2283 1135 2322 xx)
1165 2282 1293 2330 ἔλεξεν
1323 2282 1405 2324 ὦδε·

350 2349 466 2390 Nulla
497 2357 553 2391 est
583 2351 681 2391 ratio
707 2365 777 2391 cur
802 2349 1235 2403 ponaturadverbium,
1273 2365 1392 2404 quum
1419 2367 1498 2394 non

352 2424 532 2471 sequatur
567 2418 701 2459 ἔπειτα
732 2418 795 2457 vel
816 2418 936 2458 simile
963 2418 1070 2471 quid3
1109 2419 1174 2459 sed
1200 2421 1408 2472 requiritur
1430 2421 1498 2462 ad-

351 2487 544 2535 iectivum,
583 2485 904 2540 quemadmodum
938 2486 1069 2528 Latine
1100 2487 1309 2529 diceremus
1337 2491 1500 2531 surrexit

346 2555 502 2607 primus.
539 2554 788 2596 Scribe-ndum
803 2561 858 2596 est
874 2555 994 2609 igitur
1009 2556 1147 2602 ἀνέστη
1167 2560 1307 2605 πρῶτος
1326 2547 1395 2606 μὲν
1414 2560 1493 2598 κτὲ.
