1836 3126
766 185 839 226 105

477 322 479 325 ’
745 312 838 352 -XC.

242 379 334 419 Ibid.
364 380 431 420 111.
462 380 526 419 47.
555 391 609 421 vs.
641 381 675 419 7.

394 446 511 488 Illic
536 446 682 488 videres
709 447 847 488 frutico
872 446 990 488 nobili
1018 447 1164 495 caules,

187 514 353 568 Legatur
380 515 513 554 mobili.

172 629 175 632 ,
523 605 531 615 ·
731 611 734 614 ’
756 595 851 636 XCI.

207 700 216 705 „
240 662 334 720 Ibid.
363 664 447 706 VH.
479 663 541 703 66.
571 676 624 703 vs.
658 663 720 703 10.

347 732 424 771 Nec
451 736 585 771 coenat
609 731 734 784 prius,
764 730 1044 772 autrecumbit
1072 736 1159 771 ante

347 798 475 848 Quam
502 804 643 851 septem
670 799 818 839 vomuit
844 807 970 839 meros
995 792 1169 839 definoes.

188 866 355 921 Legatur
381 865 485 907 meri

740 947 853 987 XCII.

239 1013 333 1054 Ibid.
363 1014 465 1070 VIII.
498 1013 560 1054 68.
594 1016 629 1054 7.

292 1081 426 1122 Omnis
452 1081 567 1123 habet
591 1096 660 1123 sua
687 1082 787 1124 dona
814 1082 908 1132 dies,
938 1096 1010 1123 neo
1037 1082 1137 1122 linea
1165 1082 1269 1122 dives

346 1150 488 1200 Cessat3
519 1157 558 1191 et
582 1151 621 1191 in
649 1147 835 1204 populum
863 1150 986 1191 multa
1009 1150 1143 1204 rapina
1172 1150 1281 1191 cadit.

191 1219 358 1272 Legatur
377 1220 517 1272 pluvia.

738 1287 869 1327 XCIII.

241 1353 334 1393 Ibid.
365 1355 430 1394 IX.
461 1354 499 1394 5.
528 1368 582 1394 VS.
615 1356 649 1394 1.

348 1422 522 1461 Aureolis
548 1422 764 1468 futuissum
790 1423 905 1475 possit
931 1422 1044 1461 Galla
1070 1421 1218 1461 duobus

402 1491 449 1528 Et
469 1490 557 1541 plus
583 1502 700 1541 quam
728 1489 829 1529 futui
855 1491 887 1532 si
912 1488 1067 1529 totidem
1095 1487 1291 1528 addideris,

191 1560 356 1612 Legatur
385 1553 561 1598 Aereozis.

447 1630 449 1633 ’
736 1639 865 1680 xcw.

243 1707 336 1749 Ibid.
365 1709 412 1748 X.
438 1708 475 1747 5.
504 1721 558 1748 vs.
586 1707 646 1748 13.

375 1776 452 1815 Nee
477 1775 660 1815 finiantur
686 1781 809 1814 morte
836 1774 1021 1827 simplices
1048 1788 1201 1827 poenae.

193 1840 414 1896 Legendum
440 1841 605 1894 simplici.

751 1922 860 1963 XCV.

243 1990 337 2032 Ibid.
367 1992 414 2032 X.
447 1990 510 2030 92.
540 2003 593 2029 vs.
627 1990 689 2030 10.

348 2060 395 2110 Et
422 2072 537 2110 quem
563 2053 705 2098 sororis*
727 2054 919 2110 hospitem
938 2057 1042 2097 vides
1069 2063 1192 2097 castae

350 2128 508 2167 Martem
535 2138 708 2166 mearum
737 2125 949 2179 principem
975 2124 1230 2167 Calendarum

191 2194 410 2248 Legendum
430 2194 667 2247 prinmjoium.

744 2274 875 2316 XCVI.

244 2342 338 2382 Ibid.
368 2343 433 2382 XI.
466 2343 528 2383 22.
558 2355 610 2381 vs.
644 2340 679 2380 5.

272 2411 397 2461 Quam
425 2423 522 2463 quae
549 2423 637 2450 rara
663 2422 779 2463 vagos
805 2415 1023 2462 exspectant
1050 2409 1143 2449 retia
1170 2407 1317 2456 turdos,

326 2480 452 2528 Quam
479 2478 708 2530 Pompeiano
734 2477 820 2518 vela
847 2484 987 2531 negata
1014 2479 1121 2518 Noto.

194 2544 359 2603 Legatur
386 2547 619 2601 Pompeiani.
