1836 3085
880 182 930 222 60

284 310 413 358 ἴωμεν,
443 308 543 346 οὐδὲν
572 305 619 344 ἂν
644 304 699 351 εἴη
728 306 947 352 θαυμαστὸν
977 306 1007 344 εἰ
1040 305 1238 352 &anon-elai
1261 309 1366 354 ἡμῶν.
1390 312 1412 355 ἢ
1441 309 1522 360 φά-

283 375 391 424 λαγξ
408 375 472 414 ὑπ’
487 372 622 423 άθρόων
640 388 693 419 πη
715 372 779 413 καὶ
796 372 921 420 βελῶν
939 371 1004 412 καὶ
1023 372 1218 423 ἀνθρώπων
1238 376 1519 423 συμπεσόντων.
1593 411 1596 414 .

361 445 407 482 In
442 440 634 494 prioribus
668 439 876 494 legendum
908 446 965 479 est
991 440 1052 480 ἐπὶ
1082 445 1259 487 πολλῶν,
1284 447 1340 481 ut-
1356 449 1460 495 patet
1485 452 1525 485 et

361 523 410 549 ex
436 508 609 562 sequenti
635 509 696 547 ἐπ’
723 505 860 554 ὀλίγων
888 511 927 546 et
954 507 1092 561 Cyrop.
1122 508 1226 549 VIII.
1253 507 1297 557 3,
1322 509 1360 548 8.
1398 509 1521 553 Anah.

361 580 391 618 1.
417 579 460 626 2,
492 576 542 616 15
570 582 641 616 etc.
692 574 747 615 ef.
778 574 952 628 inprimis
977 575 1127 617 neuen,
1155 564 1225 616 111.
1255 577 1302 624 4,
1330 576 1393 617 13.
1429 577 1521 617 wav-

360 660 424 689 τες
452 646 484 684 δ’
507 644 700 689 ἀλλήλους
728 642 810 682 οὐδὲ
831 643 1002 692 τέτταρα
1030 644 1175 693 πλέθρα
1204 644 1448 693 άπέχοντας,
1476 647 1519 685 τὸ

359 712 428 759 μὲν
455 712 596 759 πρῶτον
626 708 794 756 ἔστησαν
823 710 1055 763 ἀμφότεροι,
1090 703 1135 751 οι(
1154 712 1225 760 μὲν
1246 712 1434 759 Ἕλληνες
1456 713 1519 753 ἱπ-

355 783 441 821 πεῖς
480 776 603 826 ὥσπερ
630 777 804 827 φάλαγξ
837 779 900 817 ἐπὶ
932 777 1123 827 τεττάρων
1155 780 1517 829 παρατεταγμένοι,

355 847 385 885 οἱ
411 846 450 886 δὲ
473 844 664 895 βάρβαροι
685 846 772 890 τοὺς
796 847 961 895 πρώτους
989 848 1030 886 οὐ
1060 846 1174 886 πλέον
1197 846 1240 900 [l.
1259 848 1387 901 πλεῖν]
1420 849 1441 895 ἢ
1467 850 1518 893 εἷς

355 914 497 953 δώδεκα
518 914 765 958 ποιήσαντες,
794 914 838 952 τὸ
866 912 984 960 βάθος
1012 914 1045 953 δ’
1072 913 1134 953 ἐπὶ
1163 917 1327 954 πολλῶν.

275 984 293 1032 §
324 982 387 1021 19.

276 1050 325 1087 Οἱ
354 1049 392 1087 δὲ
416 1048 611 1095 πολέμιοι,
647 1049 693 1091 ὥς
720 1047 878 1096 ἤρξαντο
906 1049 1000 1093 θεῖν,
1038 1050 1161 1088 οὐκέτι
1192 1049 1379 1094 ἔστησαν,
1409 1051 1518 1088 άλλοὶ

272 1120 383 1166 Φυγῇ
412 1115 531 1159 ἄλλος
569 1115 673 1164 ἄλλῃ
699 1114 898 1164 ἐτράπετο.
947 1117 996 1154 Οἱ
1029 1117 1063 1156 δ’
1081 1117 1269 1162 ’Έλληνες
1297 1116 1516 1163 ἀναβάντες

264 1183 668 1234 ’ἐστρατοπεδεύσαντο
705 1185 742 1223 ἐν
785 1189 952 1228 πολλαῖς
990 1187 1135 1233 κώμαις
1179 1184 1244 1224 καὶ
1287 1185 1518 1230 τάπιτήδεια

271 1253 386 1291 πόλλ’
417 1251 610 1300 ἐχούσαις.

352 1320 441 1361 Post
472 1318 592 1364 ἄλλος
621 1318 720 1360 ἄλλο
751 1312 822 1359 'aut
850 1318 954 1371 ἄλλῃ
981 1326 1052 1361 etc.
1084 1321 1176 1374 poni
1206 1319 1317 1361 debet
1345 1319 1515 1373 pluralis.

352 1389 415 1428 Sic
442 1402 476 1427 e.
492 1402 524 1427 c.
553 1387 651 1427 bene
677 1388 822 1441 legitur
840 1388 880 1427 in
902 1388 999 1428 Plat.
1024 1388 1071 1428 de
1092 1390 1188 1440 Rep.
1214 1388 1294 1429 550
1315 1389 1357 1428 E.
1382 1387 1517 1428 ἔπειτά

351 1457 406 1503 γ’,
437 1454 556 1503 ἄλλος
585 1454 704 1495 ἄλλον
732 1455 909 1505 ὃρῶν....
943 1456 1066 1495 αὑτῶν
1093 1455 1397 1506 ἀπειργάσαντο.
1441 1456 1516 1496 Νο-

351 1531 431 1563 stro
452 1524 573 1576 igitur
595 1523 681 1562 loco
703 1523 910 1576 legendum
934 1522 990 1563 e'st
1011 1525 1120 1563 ἀλλὰ
1139 1528 1250 1573 φυγῇ
1269 1523 1388 1568 ἄλλος
1413 1524 1517 1573 ἄλλῃ

350 1590 568 1641 ἐτράποντο.
613 1590 701 1630 Pari
727 1589 842 1630 modo
869 1591 1012 1645 corrigi
1039 1591 1151 1631 debet
1177 1590 1285 1631 locus
1313 1591 1353 1631 in
1380 1592 1513 1644 Symp.

349 1661 428 1699 220
455 1660 518 1706 C.,
559 1658 624 1698 ubi
650 1661 757 1698 hunc
788 1658 950 1712 legitur:
988 1659 1053 1699 καὶ
1090 1660 1157 1705 ἤδη
1188 1656 1229 1704 ἦν
1260 1659 1511 1709 μεσημβρία,

347 1727 550 1776 κάνθρωποι
588 1725 808 1776 ᾐσθάνοντο,
853 1727 916 1765 καὶ
954 1727 1210 1777 θαυμάζοντες
1244 1726 1364 1770 ἄλλος
1406 1726 1513 1776 ἄλλῳ

346 1794 502 1843 ἔλεγεν,
533 1793 589 1833 ὅτι
618 1795 698 1834 κτὲ.
729 1794 840 1835 scrib.
871 1793 1016 1842 ἔλεγον.

266 1864 285 1915 §
316 1862 381 1903 23.

265 1931 340 1970 Καὶ
370 1931 539 1970 ἐντεῦθεν
566 1931 769 1979 ὁρμώμενοι
799 1931 986 1980 ἐληΐζοντο
1015 1931 1082 1975 τὴν
1110 1930 1300 1979 Κολχίδα.

345 1999 479 2039 Atticis
498 1998 747 2050 scriptoribus
769 1998 808 2037 in
833 2011 906 2037 usu
930 1997 1001 2037 fuit
1014 2011 1047 2038 e.
1064 2011 1097 2037 c.
1122 1998 1320 2048 λῄζεσθαι,
1345 1997 1513 2047 κλῄζειν,

343 2067 497 2117 χρῄζειν
522 2073 617 2113 etc„
647 2066 785 2106 Ionicis
807 2071 937 2105 autem
961 2066 1173 2115 ληΐζεσθαι,
1197 2065 1382 2115 κληΐζειν,
1402 2065 1511 2114 χρηΐ-

345 2136 419 2185 ζειν
448 2140 520 2174 etc.
576 2133 650 2173 Illa
682 2134 803 2187 igitur
834 2133 976 2181 forma,
1007 2146 1106 2186 quae
1133 2133 1248 2173 unica
1276 2145 1367 2172 vera
1393 2137 1450 2171 est
1476 2138 1514 2172 et

346 2216 445 2254 quae
473 2201 643 2244 occurrit
669 2215 702 2241 e.
724 2215 757 2241 c.
785 2200 908 2241 Anab.
937 2201 1006 2240 111.
1027 2201 1077 2249 .4,
1108 2201 1173 2240 41.
1216 2200 1283 2242 IV.
1309 2200 1356 2247 8,
1387 2198 1424 2240 5.
1463 2200 1509 2241 V.

345 2271 389 2318 5,
417 2272 453 2310 1.
485 2272 522 2315 7,
551 2270 615 2310 17.
645 2269 794 2309 Hellen.
818 2270 850 2308 Ι.
876 2268 918 2317 5,
950 2269 1013 2308 20.
1046 2269 1185 2322 Cyrop.
1210 2268 1241 2308 Ι.
1268 2269 1308 2316 2,
1336 2269 1371 2307 1.
1396 2268 1438 2315 6,
1461 2267 1511 2308 15

343 2345 415 2379 etc.
445 2344 484 2377 et
509 2337 584 2377 hoc
610 2343 649 2377 et
676 2330 917 2378 multis-aliis
944 2336 1037 2377 locis
1064 2350 1098 2377 e.
1115 2351 1148 2377 c.
1178 2335 1300 2377 Auab.
1327 2337 1373 2378 V.
1400 2336 1442 2384 1,
1473 2335 1509 2374 9.

346 2408 392 2454 9,
421 2407 456 2446 1.
487 2407 553 2448 VI.
584 2408 627 2454 4,
659 2407 722 2446 27.
752 2407 838 2448 VII.
864 2407 910 2453 2,
937 2406 1001 2446 34.
1032 2405 1075 2453 3,
1107 2407 1171 2447 31.
1202 2405 1325 2454 5,13
1348 2411 1419 2444 etc.
1450 2416 1510 2442 re-

348 2474 523 2525 ponenda
552 2480 618 2515 est.
